1660 3071
331 117 985 178 .P01„1·r1cA'.
1159 120 1338 172 ³161

289 227 652 320 Constantia
703 226 772 292 in
821 222 1109 316 adversis·

140 356 273 414 Non
297 373 487 411 tamen
513 350 654 409 adeb
680 349 951 408 virtutum
975 346 1154 408 sterile
1178 346 1333 407 saecui

58 439 208 508 lum,
239 456 297 493 ut
323 457 439 491 non
465 442 522 492 &
547 434 696 491 bona
721 432 975 513 exempla
999 431 1330 512 prodiderit.

57 519 356 581 Comitatae
374 513 639 598 profugos
656 514 862 572 liberos
881 536 1082 573 matres
1099 562 1116 587 ,
1137 512 1331 575 secutae

57 602 286 662 maritos
310 601 369 658 in
394 597 578 658 exfilia
603 604 887 680 conjuges.
923 597 1057 655 Hist.
1086 600 1111 655 I
1137 644 1153 669 ,
1196 624 1246 675 3.

66 726 339 822 Vigente
381 721 698 819 republicci
730 778 757 803 ,
825 721 1039 792 vetitae
1063 720 1335 811 feminee

154 821 416 888 maritos
442 874 466 898 ,
521 819 627 912 qui
667 817 745 884 oh
790 815 1217 910 magistratum
1266 816 1334 883 itz

133 915 506 1009 provincias
551 912 1102 1007 profi’cfierentar
1136 965 1162 991 ,
1229 935 1335 977 co-

157 1030 392 1078 mztarz.

141 1125 309 1184 Haud
337 1126 493 1186 enim
525 1127 719 1184 frustra
747 1123 1015 1205 placitum
1041 1121 1182 1181 olim
1204 1169 1220 1194 ‚
1264 1145 1339 1182 ne

57 1208 280 1271 feminae
302 1209 359 1267 in
387 1207 563 1268 socios
588 1229 682 1268 aut
703 1228 898 1290 gentes
934 1227 1186 1265 externas
1223 1226 1337 1264 tra-

55 1293 321 1353 herentur
365 1317 377 1350 :
430 1290 601 1352 ineffe
654 1291 960 1350 mulierum
993 1290 1287 1348 comitatui
1311 1336 1332 1361 ‚

55 1400 174 1459 quae
203 1399 400 1458 pacem
424 1376 555 1435 luxu
574 1424 590 1449 ‚
624 1375 842 1435 bellum
867 1371 1176 1433 formidine
1201 1396 1335 1441 mof

54 1482 244 1521 rentur
260 1507 278 1532 ,
314 1469 373 1520 &
393 1462 722 1519 Romanum
747 1480 955 1542 agmen
979 1456 1050 1515 ad
1075 1456 1331 1515 similitu-

55 1545 252 1603 dinem
278 1543 499 1602 barbari
529 1542 766 1603 incessus
796 1562 1141 1600 convertant.
1193 1542 1330 1599 Non

56 1626 411 1686 imbecillum
443 1628 664 1687 tantum
687 1676 703 1699 ,
740 1635 796 1686 δέ
824 1626 1100 1705 imparem
1132 1624 1340 1683 labori-

58 1711 159 1769 bus
183 1709 405 1787 sexum3
436 1710 532 1770 sed
562 1711 599 1769 fi
622 1711 847 1768 licentia
878 1707 1051 1779 adsit,
1091 1707 1292 1766 saevum
1316 1754 1336 1779 ‚

60 1792 422 1937 ῗίῑΙιῦἰῑίοἶιῑω
446 1841 464 1866 ,
506 1793 786 1876 potestatis
820 1791 1083 1855 avidum&
1128 1788 1335 1850 Annal-

169 1924 186 1948 2
233 1902 323 1952 33·

150 1985 235 2056 Id
270 2008 580 2055 mutatum
606 1987 732 2075 fich
775 1988 1187 2083 Principibus
1216 2039 1242 2078 ,

274 2086 616 2178 graviaque
661 2083 802 2152 inde
851 2085 1100 2155 damna.

146 2206 480 2288 Cogitarent
518 2205 617 2287 ipfi
640 2254 658 2279 ‚
709 2208 968 2288 quotiens
1010 2208 1338 2292 repetunda-

63 2311 190 2348 rum
225 2289 399 2370 aliqui
436 2311 836 2372 arguerentur,
885 2291 1040 2373 plura
1074 2294 1339 2353 uxoribus

66 2372 370 2452 objectant
411 2374 495 2432 his
527 2375 710 2433 statim
746 2375 1109 2437 adhaerescere
1148 2378 1336 2437 deter-

65 2456 277 2521 rimum
319 2479 603 2537 quemque
640 2459 1108 2541 provincialium:
1145 2462 1215 2519 ab
1249 2460 1336 2518 his

2 2530 9 2660 ξ
63 2539 293 2623 negotia
309 2537 533 2625 suscipi,
557 2541 779 2628 tranfigi
801 2568 813 2604 ε
835 2543 1077 2607 duorum
1099 2540 1340 2627 egressus
