1642 3125
278 132 359 202 '48
464 127 536 186 C.
588 124 1036 184 CORNELII
1093 116 1397 174 TA'01T1

367 225 664 286 Indomitae
716 221 829 297 ejus
882 214 1145 275 libidines
1195 214 1560 275 timebantur0

283 312 419 371 Hist.
448 309 553 378 IV,
592 309 688 361 68.

353 433 663 526 Princeps
689 426 908 520 saevus
933 478 958 503 ,
1016 424 1230 491 deinde
1268 444 1478 491 atrox.

363 553 690 619 Domitiani
712 572 908 610 natura
933 569 1166 628 ptaeceps
1193 547 1252 605 in
1277 548 1420 605 iram
1443 595 1459 618 ‚
1500 555 1558 607 δε

282 648 397 731 qub
441 637 770 708 obscurior,
826 634 894 692 eb
941 630 1378 690 irrevocabilior.
1435 630 1554 692 Vit.

280 727 473 816 Agric,
507 726 686 785 XLII.

360 807 615 874 Infensus
634 798 929 867 virtutibus
943 797 1348 879 Princep8.Vit.
1364 794 1554 877 Agric.

362 974 729 1042 Domitianus
756 998 872 1035 non
900 979 1017 1052 jam
1045 989 1142 1050 pet
1170 959 1463 1023 intervalla
1491 983 1556 1018 ac

278 1068 617 1151 spiramenta
658 1078 1020 1140 temporum,
1060 1048 1157 1108 sed
1196 1046 1466 1105 continuo
1498 1051 1558 1103 &

276 1150 434 1213 velut
465 1169 579 1208 uno
618 1144 732 1203 ieku
765 1137 1173 1220 rempublicam
1211 1126 1472 1190 exhausit.
1501 1174 1516 1186 .
1543 1172 1556 1187 .

274 1239 432 1298 Nero
474 1251 668 1292 tamen
707 1222 972 1285 subtraxit
1014 1216 1244 1286 ocu108‚
1297 1212 1555 1292 jusfitque

278 1319 482 1381 scelera
518 1364 535 1388 ,
597 1334 712 1372 non
762 1304 1026 1392 spefflmvit
1067 1326 1079 1358 :
1142 1297 1411 1381 praecipua
1455 1292 1555 1350 sub

281 1401 624 1465 Domitiano
652 1392 1000 1454 miseriarum
1030 1405 1148 1467 pars
1179 1400 1321 1450 erat,
1363 1376 1556 1435 videre

281 1498 341 1549 &
375 1485 578 1568 aspici:
615 1479 745 1538 essim
779 1474 1001 1557 suspiria
1041 1469 1221 1526 nostra
1254 1459 1558 1520 subscribe-

281 1592 515 1632 rentut:
557 1564 687 1623 esim
739 1554 1074 1619 denotandis
1122 1568 1206 1608 tot
1248 1544 1554 1602 hominum

279 1652 581 1739 palloribus
626 1643 899 1705 sufficeret
943 1640 1106 1698 saevus
1140 1631 1236 1690 ille
1275 1626 1457 1685 vultus
1495 1632 1553 1684 &

281 1739 451 1798 rubor
477 1784 492 1808 ‚
545 1758 575 1791 a
612 1754 724 1811 quo
770 1726 824 1785 se
868 1743 1060 1782 contra
1102 1715 1379 1799 pudorem
1426 1728 1554 1769 mu-

283 1820 493 1883 niebat.
539 1815 664 1879 Vit.
690 1810 878 1894 Agric,
904 1806 1089 1868 XLV,

513 1936 870 2031 Miserrima
915 1952 1049 1997 tum
1094 1923 1342 1992 civitas,

371 2068 523 2128 Sicut
546 2083 704 2123 vetus
729 2079 852 2118 aetas
875 2053 1017 2114 vidit
1039 2049 1178 2133 quid
1200 2045 1468 2106 ultimum
1493 2039 1554 2098 in

283 2155 541 2218 libertate
569 2145 700 2206 esset
723 2193 738 2217 ‚
780 2144 858 2200 ita
883 2161 983 2197 nos
1011 2133 1150 2216 quid
1172 2132 1232 2190 in
1251 2126 1511 2189 sei-vitute
1534 2170 1552 2195 ,

284 2238 554 2317 adempto
604 2252 699 2313 pet
748 2222 1131 2306 inquisitiones
1176 2223 1233 2274 &
1280 2206 1554 2290 loquendi

273 2317 663 2396 'audiendique
701 2307 1062 2370 commercio,
1091 2348 1103 2361 .
1129 2347 1142 2360 .
1177 2301 1280 2356 Per
1315 2290 1552 2374 quinde-

283 2409 398 2467 cim
420 2423 592 2462 annos
611 2445 626 2469 ‚
661 2393 868 2477 grande
892 2385 1141 2448 mortalis
1160 2381 1257 2439 aevi
1277 2377 1513 2461 spatium
1533 2419 1551 2444 ,

286 2487 456 2550 multi
505 2481 745 2542 fortuitis
796 2474 1002 2535 casibus
1039 2518 1056 2541 ,
1121 2458 1554 2550 promptissimus

287 2570 519 2657 quisque
570 2561 769 2624 saevitia
820 2554 1086 2636 Principis
1136 2545 1555 2609 interciderunt.

1389 2620 1556 2686 Pauci
