<?xml version="1.0" encoding="UTF-8"?>
<!DOCTYPE html PUBLIC "-//W3C//DTD XHTML 1.0 Transitional//EN"
    "http://www.w3.org/TR/xhtml1/DTD/xhtml1-transitional.dtd">
<html xmlns="http://www.w3.org/1999/xhtml" xml:lang="en" lang="en">
 <head>
  <title>
</title>
<meta http-equiv="Content-Type" content="text/html;charset=utf-8" />
  <meta name='ocr-system' content='tesseract 3.04.00' />
  <meta name='ocr-capabilities' content='ocr_page ocr_carea ocr_par ocr_line ocrx_word'/>
</head>
<body>
  <div class='ocr_page' id='page_1' title='image "./ccorneliitacitio07taci_0090.png"; bbox 0 0 1642 3125; ppageno 0'>
   <div class='ocr_carea' id='block_1_1' title="bbox 264 107 1374 193">
    <p class='ocr_par' dir='ltr' id='par_1_1' title="bbox 264 107 1374 193">
     <span class='ocr_line' id='line_1_1' title="bbox 264 107 1374 193; baseline 0.027 -29"><span class='ocrx_word' id='word_1_1' title='bbox 264 107 344 165; x_wconf 79' lang='lat'><strong>&#39;80</strong></span> <span class='ocrx_word' id='word_1_2' title='bbox 450 113 521 171; x_wconf 89' lang='lat' dir='ltr'><strong>C.</strong></span> <span class='ocrx_word' id='word_1_3' title='bbox 571 115 1012 179; x_wconf 77' lang='lat' dir='ltr'>CORNELII</span> <span class='ocrx_word' id='word_1_4' title='bbox 1069 128 1374 193; x_wconf 78' lang='grc' dir='ltr'>ΤΑοιτῙ</span> 
     </span>
    </p>
   </div>
   <div class='ocr_carea' id='block_1_2' title="bbox 265 211 1547 393">
    <p class='ocr_par' dir='ltr' id='par_1_2' title="bbox 265 211 1547 393">
     <span class='ocr_line' id='line_1_2' title="bbox 266 211 1547 307; baseline 0.022 -40"><span class='ocrx_word' id='word_1_5' title='bbox 266 211 586 292; x_wconf 82' lang='lat' dir='ltr'><strong>exemplum</strong></span> <span class='ocrx_word' id='word_1_6' title='bbox 612 261 628 285; x_wconf 89' lang='lat'>‚</span> <span class='ocrx_word' id='word_1_7' title='bbox 666 214 822 294; x_wconf 81' lang='lat' dir='ltr'><strong>quod</strong></span> <span class='ocrx_word' id='word_1_8' title='bbox 852 240 1045 280; x_wconf 86' lang='lat' dir='ltr'><strong>contra</strong></span> <span class='ocrx_word' id='word_1_9' title='bbox 1070 222 1309 307; x_wconf 79' lang='lat' dir='ltr'><strong>singulos</strong></span> <span class='ocrx_word' id='word_1_10' title='bbox 1334 278 1350 302; x_wconf 81' lang='lat'><strong>,</strong></span> <span class='ocrx_word' id='word_1_11' title='bbox 1387 233 1547 293; x_wconf 65' lang='lat' dir='ltr'><strong>utili-⁴</strong></span> 
     </span>
     <span class='ocr_line' id='line_1_3' title="bbox 265 294 1539 393; baseline 0.022 -44"><span class='ocrx_word' id='word_1_12' title='bbox 265 309 375 352; x_wconf 88' lang='lat' dir='ltr'><strong>tate</strong></span> <span class='ocrx_word' id='word_1_13' title='bbox 398 294 621 372; x_wconf 53' lang='lat' dir='ltr'><strong>publica</strong></span> <span class='ocrx_word' id='word_1_14' title='bbox 643 301 986 379; x_wconf 80' lang='lat' dir='ltr'><strong>rependitur.</strong></span> <span class='ocrx_word' id='word_1_15' title='bbox 1014 305 1221 368; x_wconf 84' lang='lat' dir='ltr'><strong>Annal.</strong></span> <span class='ocrx_word' id='word_1_16' title='bbox 1245 313 1410 387; x_wconf 85' lang='lat' dir='ltr'>XIV,</span> <span class='ocrx_word' id='word_1_17' title='bbox 1442 341 1539 393; x_wconf 80' lang='lat'><strong>44.</strong></span> 
     </span>
    </p>
   </div>
   <div class='ocr_carea' id='block_1_3' title="bbox 324 416 1474 596">
    <p class='ocr_par' dir='ltr' id='par_1_3' title="bbox 324 416 1474 596">
     <span class='ocr_line' id='line_1_4' title="bbox 324 416 1474 518; baseline 0.023 -36"><span class='ocrx_word' id='word_1_18' title='bbox 324 416 620 489; x_wconf 78' lang='lat' dir='ltr'><em>Militum</em></span> <span class='ocrx_word' id='word_1_19' title='bbox 678 422 960 518; x_wconf 78' lang='lat' dir='ltr'><strong>obsequio</strong></span> <span class='ocrx_word' id='word_1_20' title='bbox 1019 456 1118 500; x_wconf 80' lang='lat' dir='ltr'><strong>res</strong></span> <span class='ocrx_word' id='word_1_21' title='bbox 1174 436 1474 508; x_wconf 83' lang='lat' dir='ltr'><strong>militaris</strong></span> 
     </span>
     <span class='ocr_line' id='line_1_5' title="bbox 709 543 1083 596; baseline 0.029 -11"><span class='ocrx_word' id='word_1_22' title='bbox 709 543 1083 596; x_wconf 76' lang='lat' dir='ltr'><strong>contmetzcr.</strong></span> 
     </span>
    </p>
   </div>
   <div class='ocr_carea' id='block_1_4' title="bbox 348 620 1540 704">
    <p class='ocr_par' dir='ltr' id='par_1_4' title="bbox 348 620 1540 704">
     <span class='ocr_line' id='line_1_6' title="bbox 348 620 1540 704; baseline 0.023 -27"><span class='ocrx_word' id='word_1_23' title='bbox 348 620 500 680; x_wconf 89' lang='lat' dir='ltr'><strong>Imus</strong></span> <span class='ocrx_word' id='word_1_24' title='bbox 524 623 594 681; x_wconf 84' lang='lat' dir='ltr'><strong>ad</strong></span> <span class='ocrx_word' id='word_1_25' title='bbox 626 625 859 687; x_wconf 86' lang='lat' dir='ltr'><strong>bellum.</strong></span> <span class='ocrx_word' id='word_1_26' title='bbox 906 634 1062 693; x_wconf 90' lang='lat' dir='ltr'><strong>Num</strong></span> <span class='ocrx_word' id='word_1_27' title='bbox 1090 661 1288 699; x_wconf 89' lang='lat' dir='ltr'><strong>omnes</strong></span> <span class='ocrx_word' id='word_1_28' title='bbox 1314 644 1540 704; x_wconf 81' lang='lat' dir='ltr'><strong>nuntios</strong></span> 
     </span>
    </p>
   </div>
   <div class='ocr_carea' id='block_1_5' title="bbox 254 702 1541 878">
    <p class='ocr_par' dir='ltr' id='par_1_5' title="bbox 254 702 1541 878">
     <span class='ocr_line' id='line_1_7' title="bbox 254 702 1539 809; baseline 0.023 -50"><span class='ocrx_word' id='word_1_29' title='bbox 254 702 439 785; x_wconf 79' lang='lat' dir='ltr'><strong>palam</strong></span> <span class='ocrx_word' id='word_1_30' title='bbox 466 707 677 781; x_wconf 79' lang='lat' dir='ltr'><strong>audiri,</strong></span> <span class='ocrx_word' id='word_1_31' title='bbox 709 714 902 771; x_wconf 83' lang='lat' dir='ltr'><strong>omnia.</strong></span> <span class='ocrx_word' id='word_1_32' title='bbox 927 718 1151 779; x_wconf 82' lang='lat' dir='ltr'><strong>confilia</strong></span> <span class='ocrx_word' id='word_1_33' title='bbox 1175 727 1383 783; x_wconf 56' lang='lat' dir='ltr'><strong>cunetis</strong></span> <span class='ocrx_word' id='word_1_34' title='bbox 1406 749 1539 809; x_wconf 81' lang='lat' dir='ltr'><strong>prae-</strong></span> 
     </span>
     <span class='ocr_line' id='line_1_8' title="bbox 255 785 1541 878; baseline 0.021 -35"><span class='ocrx_word' id='word_1_35' title='bbox 255 785 504 847; x_wconf 76' lang='lat' dir='ltr'>sentibus</span> <span class='ocrx_word' id='word_1_36' title='bbox 534 796 753 852; x_wconf 66' lang='lat' dir='ltr'><strong>trastari</strong></span> <span class='ocrx_word' id='word_1_37' title='bbox 779 844 794 867; x_wconf 85' lang='grc'>,</span> <span class='ocrx_word' id='word_1_38' title='bbox 830 798 972 858; x_wconf 80' lang='lat' dir='ltr'><strong>ratio</strong></span> <span class='ocrx_word' id='word_1_39' title='bbox 1002 824 1188 863; x_wconf 86' lang='lat' dir='ltr'><strong>rerum</strong></span> <span class='ocrx_word' id='word_1_40' title='bbox 1209 855 1226 878; x_wconf 82' lang='lat'>‚</span> <span class='ocrx_word' id='word_1_41' title='bbox 1269 829 1361 867; x_wconf 83' lang='lat' dir='ltr'><strong>aut</strong></span> <span class='ocrx_word' id='word_1_42' title='bbox 1383 833 1541 870; x_wconf 77' lang='lat' dir='ltr'><strong>occa-</strong></span> 
     </span>
    </p>
   </div>
   <div class='ocr_carea' id='block_1_6' title="bbox 261 869 1540 963">
    <p class='ocr_par' dir='ltr' id='par_1_6' title="bbox 261 869 1540 963">
     <span class='ocr_line' id='line_1_9' title="bbox 261 869 1540 963; baseline 0.018 -33"><span class='ocrx_word' id='word_1_43' title='bbox 261 869 481 930; x_wconf 83' lang='lat' dir='ltr'><strong>fionum</strong></span> <span class='ocrx_word' id='word_1_44' title='bbox 525 874 787 938; x_wconf 82' lang='lat' dir='ltr'><strong>velocitas</strong></span> <span class='ocrx_word' id='word_1_45' title='bbox 835 883 1085 963; x_wconf 80' lang='lat' dir='ltr'><strong>patitur?</strong></span> <span class='ocrx_word' id='word_1_46' title='bbox 1135 891 1286 948; x_wconf 78' lang='lat' dir='ltr'><strong>Tam</strong></span> <span class='ocrx_word' id='word_1_47' title='bbox 1330 891 1540 954; x_wconf 86' lang='lat' dir='ltr'><strong>nescite</strong></span> 
     </span>
    </p>
   </div>
   <div class='ocr_carea' id='block_1_7' title="bbox 253 954 1540 1951">
    <p class='ocr_par' dir='ltr' id='par_1_7' title="bbox 255 954 1540 1541">
     <span class='ocr_line' id='line_1_10' title="bbox 258 954 1540 1054; baseline 0.022 -45"><span class='ocrx_word' id='word_1_48' title='bbox 258 954 517 1034; x_wconf 56' lang='lat' dir='ltr'><strong>quaedam</strong></span> <span class='ocrx_word' id='word_1_49' title='bbox 544 959 751 1021; x_wconf 79' lang='lat' dir='ltr'><strong>milites</strong></span> <span class='ocrx_word' id='word_1_50' title='bbox 770 1011 786 1034; x_wconf 85' lang='grc'>,</span> <span class='ocrx_word' id='word_1_51' title='bbox 821 967 992 1044; x_wconf 65' lang='lat' dir='ltr'><strong>quain]</strong></span> <span class='ocrx_word' id='word_1_52' title='bbox 1016 966 1151 1030; x_wconf 86' lang='lat' dir='ltr'><strong>scire</strong></span> <span class='ocrx_word' id='word_1_53' title='bbox 1174 995 1413 1054; x_wconf 82' lang='lat' dir='ltr'><strong>oportet.</strong></span> <span class='ocrx_word' id='word_1_54' title='bbox 1456 981 1540 1036; x_wconf 82' lang='lat' dir='ltr'><strong>Ita</strong></span> 
     </span>
     <span class='ocr_line' id='line_1_11' title="bbox 256 1036 1538 1140; baseline 0.018 -45"><span class='ocrx_word' id='word_1_55' title='bbox 256 1036 312 1096; x_wconf 79' lang='lat' dir='ltr'><strong>se</strong></span> <span class='ocrx_word' id='word_1_56' title='bbox 341 1037 549 1098; x_wconf 86' lang='lat' dir='ltr'><strong>ducum</strong></span> <span class='ocrx_word' id='word_1_57' title='bbox 577 1047 868 1105; x_wconf 64' lang='lat' dir='ltr'><strong>autstorstas</strong></span> <span class='ocrx_word' id='word_1_58' title='bbox 892 1095 908 1119; x_wconf 83' lang='grc'>,</span> <span class='ocrx_word' id='word_1_59' title='bbox 960 1049 1029 1108; x_wconf 87' lang='lat' dir='ltr'><strong>fic</strong></span> <span class='ocrx_word' id='word_1_60' title='bbox 1063 1054 1215 1136; x_wconf 84' lang='lat' dir='ltr'><strong>rigor</strong></span> <span class='ocrx_word' id='word_1_61' title='bbox 1238 1055 1538 1140; x_wconf 84' lang='lat' dir='ltr'><strong>disciplinae</strong></span> 
     </span>
     <span class='ocr_line' id='line_1_12' title="bbox 256 1120 1537 1202; baseline 0.02 -25"><span class='ocrx_word' id='word_1_62' title='bbox 256 1120 462 1195; x_wconf 78' lang='lat' dir='ltr'><strong>habet,</strong></span> <span class='ocrx_word' id='word_1_63' title='bbox 501 1145 559 1183; x_wconf 91' lang='lat' dir='ltr'><strong>ut</strong></span> <span class='ocrx_word' id='word_1_64' title='bbox 584 1128 760 1188; x_wconf 81' lang='lat' dir='ltr'><strong>multa</strong></span> <span class='ocrx_word' id='word_1_65' title='bbox 784 1131 954 1190; x_wconf 81' lang='lat' dir='ltr'><strong>etiam</strong></span> <span class='ocrx_word' id='word_1_66' title='bbox 981 1139 1332 1200; x_wconf 83' lang='lat' dir='ltr'><strong>centuriones</strong></span> <span class='ocrx_word' id='word_1_67' title='bbox 1358 1142 1537 1202; x_wconf 87' lang='lat' dir='ltr'><strong>tribu-</strong></span> 
     </span>
     <span class='ocr_line' id='line_1_13' title="bbox 255 1202 1538 1301; baseline 0.016 -37"><span class='ocrx_word' id='word_1_68' title='bbox 255 1202 468 1284; x_wconf 87' lang='lat' dir='ltr'><strong>nosque</strong></span> <span class='ocrx_word' id='word_1_69' title='bbox 509 1211 726 1270; x_wconf 75' lang='lat' dir='ltr'><strong>tantum</strong></span> <span class='ocrx_word' id='word_1_70' title='bbox 761 1215 943 1293; x_wconf 88' lang='lat' dir='ltr'><strong>juberi</strong></span> <span class='ocrx_word' id='word_1_71' title='bbox 983 1222 1255 1301; x_wconf 76' lang='lat' dir='ltr'><strong>expediat.</strong></span> <span class='ocrx_word' id='word_1_72' title='bbox 1299 1226 1354 1283; x_wconf 91' lang='lat' dir='ltr'><strong>Si</strong></span> <span class='ocrx_word' id='word_1_73' title='bbox 1381 1273 1398 1297; x_wconf 85' lang='lat'>‚</span> <span class='ocrx_word' id='word_1_74' title='bbox 1441 1225 1538 1285; x_wconf 83' lang='lat' dir='ltr'><strong>ubi</strong></span> 
     </span>
     <span class='ocr_line' id='line_1_14' title="bbox 255 1287 1536 1391; baseline 0.02 -46"><span class='ocrx_word' id='word_1_75' title='bbox 255 1287 593 1370; x_wconf 74' lang='lat' dir='ltr'><strong>jubeantur,</strong></span> <span class='ocrx_word' id='word_1_76' title='bbox 638 1318 880 1375; x_wconf 81' lang='lat' dir='ltr'><strong>quaerere</strong></span> <span class='ocrx_word' id='word_1_77' title='bbox 921 1299 1141 1382; x_wconf 86' lang='lat' dir='ltr'><strong>singulis</strong></span> <span class='ocrx_word' id='word_1_78' title='bbox 1182 1306 1391 1384; x_wconf 80' lang='lat' dir='ltr'><strong>liceat3</strong></span> <span class='ocrx_word' id='word_1_79' title='bbox 1434 1331 1536 1391; x_wconf 88' lang='lat' dir='ltr'><strong>pe-</strong></span> 
     </span>
     <span class='ocr_line' id='line_1_15' title="bbox 258 1374 1537 1471; baseline 0.02 -44"><span class='ocrx_word' id='word_1_80' title='bbox 258 1393 454 1432; x_wconf 85' lang='lat' dir='ltr'><strong>reunte</strong></span> <span class='ocrx_word' id='word_1_81' title='bbox 480 1374 749 1458; x_wconf 83' lang='lat' dir='ltr'><strong>obsequio</strong></span> <span class='ocrx_word' id='word_1_82' title='bbox 770 1429 786 1452; x_wconf 87' lang='lat'>‚</span> <span class='ocrx_word' id='word_1_83' title='bbox 829 1383 999 1442; x_wconf 82' lang='lat' dir='ltr'><strong>etiam</strong></span> <span class='ocrx_word' id='word_1_84' title='bbox 1031 1386 1336 1471; x_wconf 86' lang='lat' dir='ltr'><strong>imperium</strong></span> <span class='ocrx_word' id='word_1_85' title='bbox 1363 1391 1537 1453; x_wconf 87' lang='lat' dir='ltr'><strong>intet-</strong></span> 
     </span>
     <span class='ocr_line' id='line_1_16' title="bbox 259 1455 832 1541; baseline 0.019 -29"><span class='ocrx_word' id='word_1_86' title='bbox 259 1455 415 1514; x_wconf 82' lang='lat' dir='ltr'><strong>cidit.</strong></span> <span class='ocrx_word' id='word_1_87' title='bbox 460 1459 596 1516; x_wconf 84' lang='lat' dir='ltr'><strong>Hist.</strong></span> <span class='ocrx_word' id='word_1_88' title='bbox 625 1465 647 1519; x_wconf 90' lang='lat' dir='ltr'>I</span> <span class='ocrx_word' id='word_1_89' title='bbox 672 1510 690 1533; x_wconf 83' lang='grc'>,</span> <span class='ocrx_word' id='word_1_90' title='bbox 735 1470 763 1521; x_wconf 88' lang='grc'><strong>8</strong></span> <span class='ocrx_word' id='word_1_91' title='bbox 782 1492 832 1541; x_wconf 80' lang='lat'><strong>3.</strong></span> 
     </span>
    </p>

    <p class='ocr_par' dir='ltr' id='par_1_8' title="bbox 253 1541 1537 1951">
     <span class='ocr_line' id='line_1_17' title="bbox 350 1541 1534 1638; baseline 0.019 -43"><span class='ocrx_word' id='word_1_92' title='bbox 350 1541 607 1600; x_wconf 81' lang='lat' dir='ltr'><strong>Parendo</strong></span> <span class='ocrx_word' id='word_1_93' title='bbox 635 1547 848 1626; x_wconf 69' lang='lat' dir='ltr'><strong>potius,</strong></span> <span class='ocrx_word' id='word_1_94' title='bbox 887 1551 1336 1627; x_wconf 80' lang='lat' dir='ltr'><strong>commilitoneS,</strong></span> <span class='ocrx_word' id='word_1_95' title='bbox 1361 1557 1534 1638; x_wconf 64' lang='lat' dir='ltr'><strong>quaim</strong></span> 
     </span>
     <span class='ocr_line' id='line_1_18' title="bbox 254 1621 1534 1709; baseline 0.017 -30"><span class='ocrx_word' id='word_1_96' title='bbox 254 1621 494 1704; x_wconf 79' lang='lat' dir='ltr'><strong>imperia</strong></span> <span class='ocrx_word' id='word_1_97' title='bbox 520 1624 730 1687; x_wconf 83' lang='lat' dir='ltr'><strong>ducum</strong></span> <span class='ocrx_word' id='word_1_98' title='bbox 755 1630 1116 1709; x_wconf 80' lang='lat' dir='ltr'><strong>sciscitando,</strong></span> <span class='ocrx_word' id='word_1_99' title='bbox 1152 1659 1236 1696; x_wconf 92' lang='lat' dir='ltr'><strong>res</strong></span> <span class='ocrx_word' id='word_1_100' title='bbox 1266 1640 1534 1701; x_wconf 84' lang='lat' dir='ltr'><strong>militares</strong></span> 
     </span>
     <span class='ocr_line' id='line_1_19' title="bbox 255 1706 1535 1803; baseline 0.017 -41"><span class='ocrx_word' id='word_1_101' title='bbox 255 1706 615 1766; x_wconf 88' lang='lat' dir='ltr'><strong>continentur</strong></span> <span class='ocrx_word' id='word_1_102' title='bbox 641 1737 652 1768; x_wconf 92' lang='lat'><strong>:</strong></span> <span class='ocrx_word' id='word_1_103' title='bbox 691 1722 747 1772; x_wconf 83' lang='lat'>&amp;</span> <span class='ocrx_word' id='word_1_104' title='bbox 772 1713 1095 1777; x_wconf 81' lang='lat' dir='ltr'><strong>fortiflimus</strong></span> <span class='ocrx_word' id='word_1_105' title='bbox 1124 1720 1182 1778; x_wconf 92' lang='lat' dir='ltr'><strong>in</strong></span> <span class='ocrx_word' id='word_1_106' title='bbox 1204 1720 1320 1803; x_wconf 87' lang='lat' dir='ltr'><strong>ipso</strong></span> <span class='ocrx_word' id='word_1_107' title='bbox 1338 1723 1535 1783; x_wconf 24' lang='lat' dir='ltr'><strong>*discri-</strong></span> 
     </span>
     <span class='ocr_line' id='line_1_20' title="bbox 253 1788 1531 1879; baseline 0.019 -36"><span class='ocrx_word' id='word_1_108' title='bbox 253 1788 411 1846; x_wconf 88' lang='lat' dir='ltr'><strong>mine</strong></span> <span class='ocrx_word' id='word_1_109' title='bbox 449 1794 717 1853; x_wconf 87' lang='lat' dir='ltr'><strong>exercitus</strong></span> <span class='ocrx_word' id='word_1_110' title='bbox 759 1800 834 1856; x_wconf 90' lang='lat' dir='ltr'><strong>est</strong></span> <span class='ocrx_word' id='word_1_111' title='bbox 864 1846 880 1870; x_wconf 84' lang='grc'>,</span> <span class='ocrx_word' id='word_1_112' title='bbox 922 1801 1020 1879; x_wconf 86' lang='lat' dir='ltr'><strong>qui</strong></span> <span class='ocrx_word' id='word_1_113' title='bbox 1060 1825 1188 1861; x_wconf 84' lang='lat' dir='ltr'><strong>ante</strong></span> <span class='ocrx_word' id='word_1_114' title='bbox 1232 1804 1531 1868; x_wconf 86' lang='lat' dir='ltr'><strong>discrimen</strong></span> 
     </span>
     <span class='ocr_line' id='line_1_21' title="bbox 254 1871 1537 1951; baseline 0.018 -24"><span class='ocrx_word' id='word_1_115' title='bbox 254 1871 637 1951; x_wconf 84' lang='lat' dir='ltr'><strong>quietiffimus.</strong></span> <span class='ocrx_word' id='word_1_116' title='bbox 698 1881 880 1940; x_wconf 86' lang='lat' dir='ltr'><strong>Vobis</strong></span> <span class='ocrx_word' id='word_1_117' title='bbox 914 1905 1067 1941; x_wconf 82' lang='lat' dir='ltr'><strong>arma</strong></span> <span class='ocrx_word' id='word_1_118' title='bbox 1097 1893 1154 1944; x_wconf 69' lang='grc' dir='ltr'><strong>δε</strong></span> <span class='ocrx_word' id='word_1_119' title='bbox 1182 1885 1399 1948; x_wconf 85' lang='lat' dir='ltr'><strong>animus</strong></span> <span class='ocrx_word' id='word_1_120' title='bbox 1426 1890 1489 1950; x_wconf 86' lang='lat' dir='ltr'><strong>fit</strong></span> <span class='ocrx_word' id='word_1_121' title='bbox 1519 1916 1537 1950; x_wconf 66' lang='grc' dir='ltr'>ι</span> 
     </span>
    </p>
   </div>
   <div class='ocr_carea' id='block_1_8' title="bbox 252 1954 1528 2121">
    <p class='ocr_par' dir='ltr' id='par_1_9' title="bbox 252 1954 1528 2121">
     <span class='ocr_line' id='line_1_22' title="bbox 254 1954 1528 2055; baseline 0.017 -44"><span class='ocrx_word' id='word_1_122' title='bbox 254 1954 398 2012; x_wconf 87' lang='lat' dir='ltr'><strong>mihi</strong></span> <span class='ocrx_word' id='word_1_123' title='bbox 420 1956 709 2016; x_wconf 84' lang='lat' dir='ltr'><strong>confilium</strong></span> <span class='ocrx_word' id='word_1_124' title='bbox 727 2009 741 2030; x_wconf 87' lang='lat'>,</span> <span class='ocrx_word' id='word_1_125' title='bbox 760 1971 818 2021; x_wconf 68' lang='grc' dir='ltr'><strong>ὃ(</strong></span> <span class='ocrx_word' id='word_1_126' title='bbox 833 1964 1050 2025; x_wconf 85' lang='lat' dir='ltr'><strong>virtutis</strong></span> <span class='ocrx_word' id='word_1_127' title='bbox 1069 1970 1252 2028; x_wconf 83' lang='lat' dir='ltr'><strong>vestrae</strong></span> <span class='ocrx_word' id='word_1_128' title='bbox 1271 1973 1528 2055; x_wconf 85' lang='lat' dir='ltr'><strong>regimen</strong></span> 
     </span>
     <span class='ocr_line' id='line_1_23' title="bbox 252 2035 980 2121; baseline 0.015 -27"><span class='ocrx_word' id='word_1_129' title='bbox 252 2035 573 2117; x_wconf 76' lang='lat' dir='ltr'><strong>relinquite.</strong></span> <span class='ocrx_word' id='word_1_130' title='bbox 621 2043 757 2102; x_wconf 90' lang='lat' dir='ltr'><strong>Hist.</strong></span> <span class='ocrx_word' id='word_1_131' title='bbox 784 2048 807 2104; x_wconf 93' lang='lat' dir='ltr'>I</span> <span class='ocrx_word' id='word_1_132' title='bbox 830 2093 848 2118; x_wconf 82' lang='grc'>,</span> <span class='ocrx_word' id='word_1_133' title='bbox 889 2053 980 2121; x_wconf 81' lang='lat'><strong>84.</strong></span> 
     </span>
    </p>
   </div>
   <div class='ocr_carea' id='block_1_9' title="bbox 300 2158 1478 2337">
    <p class='ocr_par' dir='ltr' id='par_1_10' title="bbox 300 2158 1478 2337">
     <span class='ocr_line' id='line_1_24' title="bbox 300 2158 1478 2277; baseline 0.016 -47"><span class='ocrx_word' id='word_1_134' title='bbox 300 2158 453 2230; x_wconf 80' lang='lat' dir='ltr'><strong>Sine</strong></span> <span class='ocrx_word' id='word_1_135' title='bbox 493 2163 775 2260; x_wconf 49' lang='lat' dir='ltr'><strong>obsequio</strong></span> <span class='ocrx_word' id='word_1_136' title='bbox 834 2196 910 2277; x_wconf 57' lang='lat' dir='ltr'><strong>(ze</strong></span> <span class='ocrx_word' id='word_1_137' title='bbox 939 2175 1189 2266; x_wconf 80' lang='lat' dir='ltr'><strong>prodest</strong></span> <span class='ocrx_word' id='word_1_138' title='bbox 1236 2178 1478 2271; x_wconf 79' lang='lat' dir='ltr'><strong>quidem</strong></span> 
     </span>
     <span class='ocr_line' id='line_1_25' title="bbox 783 2288 1006 2337; baseline 0.013 -3"><span class='ocrx_word' id='word_1_139' title='bbox 783 2288 1006 2337; x_wconf 68' lang='lat' dir='ltr'><strong>vlnus,</strong></span> 
     </span>
    </p>
   </div>
   <div class='ocr_carea' id='block_1_10' title="bbox 253 2368 1564 2541">
    <p class='ocr_par' dir='ltr' id='par_1_11' title="bbox 253 2368 1564 2541">
     <span class='ocr_line' id='line_1_26' title="bbox 338 2368 1527 2458; baseline 0.017 -30"><span class='ocrx_word' id='word_1_140' title='bbox 338 2368 698 2452; x_wconf 86' lang='lat' dir='ltr'><strong>Obsequium</strong></span> <span class='ocrx_word' id='word_1_141' title='bbox 748 2383 805 2434; x_wconf 71' lang='grc' dir='ltr'><strong>δε</strong></span> <span class='ocrx_word' id='word_1_142' title='bbox 858 2378 1089 2458; x_wconf 81' lang='lat' dir='ltr'><strong>parendi</strong></span> <span class='ocrx_word' id='word_1_143' title='bbox 1139 2403 1297 2440; x_wconf 83' lang='lat' dir='ltr'><strong>amor</strong></span> <span class='ocrx_word' id='word_1_144' title='bbox 1348 2383 1527 2448; x_wconf 70' lang='lat' dir='ltr'><strong>solum</strong></span> 
     </span>
     <span class='ocr_line' id='line_1_27' title="bbox 253 2451 1564 2541; baseline 0.017 -34"><span class='ocrx_word' id='word_1_145' title='bbox 253 2451 499 2532; x_wconf 81' lang='lat' dir='ltr'><strong>partibus</strong></span> <span class='ocrx_word' id='word_1_146' title='bbox 531 2457 873 2517; x_wconf 82' lang='lat' dir='ltr'><strong>Othonianis</strong></span> <span class='ocrx_word' id='word_1_147' title='bbox 903 2458 1114 2534; x_wconf 87' lang='lat' dir='ltr'><strong>defuit,</strong></span> <span class='ocrx_word' id='word_1_148' title='bbox 1159 2463 1290 2526; x_wconf 69' lang='lat' dir='ltr'><strong>esim</strong></span> <span class='ocrx_word' id='word_1_149' title='bbox 1311 2468 1564 2541; x_wconf 59' lang='lat' dir='ltr'><strong>virtutis.</strong></span> 
     </span>
    </p>
   </div>
   <div class='ocr_carea' id='block_1_11' title="bbox 247 2534 1183 2633">
    <p class='ocr_par' dir='ltr' id='par_1_12' title="bbox 247 2534 1183 2633">
     <span class='ocr_line' id='line_1_28' title="bbox 247 2534 1183 2633; baseline 0.012 -35"><span class='ocrx_word' id='word_1_150' title='bbox 247 2534 406 2598; x_wconf 73' lang='lat' dir='ltr'><strong>haud</strong></span> <span class='ocrx_word' id='word_1_151' title='bbox 434 2539 748 2626; x_wconf 79' lang='lat' dir='ltr'><strong>poeniteret.</strong></span> <span class='ocrx_word' id='word_1_152' title='bbox 791 2543 928 2606; x_wconf 82' lang='lat' dir='ltr'><strong>Hist.</strong></span> <span class='ocrx_word' id='word_1_153' title='bbox 958 2546 1009 2606; x_wconf 92' lang='grc' dir='ltr'><strong>ΙΙ</strong></span> <span class='ocrx_word' id='word_1_154' title='bbox 1030 2591 1049 2630; x_wconf 67' lang='lat'>‚</span> <span class='ocrx_word' id='word_1_155' title='bbox 1095 2570 1183 2633; x_wconf 59' lang='lat'><strong>¹9}</strong></span> 
     </span>
    </p>
   </div>
  </div>
 </body>
</html>
