1660 3071
430 85 1043 153 Por1T1cA.
1295 128 1364 184 25

93 160 398 258 aliquando
415 227 432 251 ‚
458 203 552 240 aut
571 186 848 246 erroribus
867 189 1135 256 imminui
1155 246 1172 271 ,
1198 220 1378 262 trans-

95 256 232 318 ferri
254 308 272 332 ,
311 261 592 343 definere:
630 265 790 337 suum
818 276 1019 356 cuique
1044 279 1378 364 sanguinem

94 343 456 402 indiscretum
481 392 498 416 ‚
549 347 644 406 sed
693 357 939 416 maxime
986 363 1332 448 Principibus
1358 396 1373 430 t

96 447 335 504 quorum
356 427 625 510 prosperis
648 440 706 491 δε
725 434 817 493 alii
837 436 1091 503 fruantur
1107 496 1122 519 ‚
1148 451 1375 514 adversa
1464 471 1468 474 ’

93 505 165 565 ad
194 510 553 584 junfflssimos
591 518 926 595 pertineant.
968 528 1105 586 Hist.
1130 535 1236 606 IV,
1277 560 1370 614 52.

89 618 458 717 Princzpum
461 625 606 717 filii
623 627 690 694 in
698 630 1032 722 publicam
1030 639 1369 731 fortunam

538 721 915 817 adolescunt.
1011 740 1018 745 ’

170 840 256 896 Ita
280 840 396 900 nati
429 843 549 914 estis
571 892 588 917 ‚
639 868 700 907 ut
729 848 878 911 bona
906 855 1168 941 malaque
1194 867 1369 928 vestra

86 918 157 978 ad
172 925 580 1006 rempublicam
603 932 939 1013 pertineant.
955 939 1162 1007 Annal.
1180 949 1288 1023 IV,
1309 957 1365 1014 8.

343 1049 445 1119 Ne
477 1043 670 1122 nimis
704 1059 924 1131 civiles
939 1065 1100 1153 sint.

158 1170 469 1252 Displicere
497 1183 860 1260 regnantibus
897 1190 1082 1251 civilia
1110 1193 1360 1259 filiorum

79 1251 320 1337 ingenia.
363 1257 572 1320 Annal.
601 1268 692 1337 ΙΙ,
742 1274 834 1327 82.

315 1381 399 1472 Id
439 1390 659 1457 nocuit
705 1393 1112 1471 Germanica

158 1507 227 1562 In
250 1507 657 1572 Germanicum
682 1514 839 1576 favor
862 1566 880 1592 ,
929 1531 988 1582 &
1012 1523 1147 1607 spes.
1200 1530 1355 1594 Nam

76 1588 264 1665 juveni
300 1589 460 1652 civile
498 1595 792 1676 ingenium
816 1650 833 1674 ,
881 1607 1024 1665 mira
1066 1613 1301 1675 comitas
1330 1663 1351 1690 ‚

77 1677 134 1727 &
164 1669 373 1728 diversa
397 1698 427 1730 a
449 1678 669 1738 Tiberii
691 1681 949 1747 sermone
966 1737 983 1760 ‚
1004 1692 1179 1753 vultu
1204 1744 1221 1767 ,
1254 1700 1358 1759 ad-

73 1751 398 1832 rogantibus
430 1763 489 1813 &
511 1760 769 1823 obscuris.
815 1770 1023 1828 Annal.
1052 1777 1077 1829 I
1104 1821 1120 1845 ,
1166 1801 1258 1852 33.

81 1875 341 1965 Quanto'
368 1879 1070 2066 quisjmperiopropior
1088 1946 1112 1985 ,
1162 1906 1346 1974 tante}

539 1998 596 2042 zt
634 2002 896 2053 εαιιῑιον.

152 2093 476 2178 διιΐρεᾶιιιῃ
508 2098 726 2184 semper
758 2105 1113 2196 invisumque
1148 2109 1346 2183 domi⁴

71 2180 332 2239 nantibus
372 2229 388 2254 ,
459 2185 556 2264 qui
609 2189 892 2269 proximus
954 2197 1338 2268 destinaretur.

69 2261 207 2320 Hist.
229 2266 256 2320 Ι
283 2311 300 2335 ,
343 2287 372 2321 2
391 2288 436 2323 1.

168 2373 247 2441 In
278 2374 518 2469 legibus
524 2381 868 2473 subsidium
888 2390 1236 2491 Prista-{Dia

150 2497 290 2555 Satis
317 2507 551 2562 onerum
575 2508 920 2597 Principibus
944 2565 960 2591 ,
1000 2517 1128 2597 satis·
1162 2523 1333 2594 eriam

232 2583 383 2642 Tom'.
407 2587 471 2647 V
461 2590 542 2647 II.
1106 2605 1153 2663 B
