1642 3125
263 176 338 228 68
444 173 518 232 C.
569 171 1010 236 Connsstu
1068 182 1368 249 TAc1T1

259 267 523 350 cujusque
547 271 758 329 ordinis
785 272 1057 338 militibus
1073 327 1090 352 ,
1119 305 1179 344 ut
1195 287 1456 351 consensu
1474 293 1540 355 δέ

258 354 486 410 caritate
530 353 940 436 rempublicam
988 362 1290 433 efficerent.
1320 373 1532 440 Annal.

259 433 427 504 XlV,
460 457 554 509 27.

542 555 768 650 Postea
813 565 1087 661 neglec'la
1132 574 1235 666 ‘st-

335 680 759 741 Deducebantur
789 686 969 768 ignoti
1002 696 1148 755 inter
1176 698 1230 758 se
1247 746 1265 772 ,
1304 699 1528 768 divertis

252 761 552 842 manipulis
574 811 591 835 ‚
631 765 742 826 fine
766 769 1054 836 affectibus
1087 783 1293 841 mutuis
1317 832 1334 857 ,
1374 789 1526 868 quali

251 864 318 902 ex
338 843 447 901 alio
465 869 670 926 genere
685 857 1007 917 mortalium
1025 869 1252 943 repente
1268 867 1326 926 in
1347 893 1524 933 unum

254 925 471 985 collesti
491 976 506 999 ‚
541 953 804 995 numerus
833 944 1010 1023 magis
1030 992 1047 1017 ‚
1081 949 1254 1027 quam
1281 952 1520 1021 colonia²

253 1006 463 1070 Annal.
491 1014 656 1087 XIV,
686 1040 715 1075 2
728 1045 780 1093 7.

480 1138 646 1225 Qua>
693 1143 835 1212 inde
862 1147 1085 1241 ficum
1126 1156 1310 1231 vitia.

339 1271 613 1334 Veterani
662 1280 975 1344 Tarentum
1027 1296 1084 1348 δε
1127 1288 1370 1357 Antium
1422 1300 1527 1362 ad-

249 1351 467 1435 scripti,
505 1382 621 1418 non
644 1382 832 1423 tamen
856 1366 1245 1451 infrequentiae
1268 1378 1523 1448 locorum

246 1434 552 1501 subvenere
568 1491 585 1515 ‚
609 1444 824 1529 dilapsis
844 1451 1092 1532 pluribus
1109 1458 1169 1517 in
1191 1466 1522 1543 provincias,

245 1519 305 1579 in
347 1521 548 1600 quibus
585 1528 851 1609 stipendia
888 1537 1259 1619 expleverant.
1317 1549 1522 1629 Neque

248 1606 522 1688 conjugiis
578 1607 939 1696 suscipiendis
972 1667 991 1692 ,
1062 1645 1247 1704 neque
1304 1628 1520 1692 alendis

244 1683 434 1746 liberis
472 1688 655 1766 sueti,
699 1698 861 1758 orbas
901 1701 1013 1762 fine
1049 1709 1272 1786 posteris
1314 1712 1517 1780 domos

238 1767 652 1849 relinquebant.
700 1779 909 1842 Annal.
943 1787 1110 1862 XIV,
1143 1813 1238 1868 27.

481 1899 765 1972 Coloniis
806 1907 1032 2015 infenst
1067 1914 1284 2006 hostes,

322 2019 583 2080 Britanni
627 2024 832 2108 sparsos
883 2053 981 2112 per
1036 2037 1253 2097 castella
1304 2044 1513 2110 milites

239 2098 537 2162 consecrati
560 2153 579 2178 ,
623 2115 946 2194 expugnatis
990 2118 1247 2196 praeficliis
1275 2172 1292 2195 ,
1334 2127 1510 2210 ipsam

238 2180 519 2244 coloniam
550 2190 797 2254 invasere
825 2243 841 2267 ‚
885 2218 947 2257 ut
981 2197 1175 2263 sedem
1213 2204 1508 2275 servitutis.

237 2265 362 2326 Vit.
403 2268 593 2350 Agric.
634 2277 795 2338 XVI.

317 2350 562 2413 Colonia
604 2360 1073 2426 Camulodunum
1097 2370 1278 2430 valida
1309 2397 1513 2438 vetera.¹

239 2451 442 2491 norum
473 2460 642 2500 manu
666 2443 960 2508 deducitur
981 2452 1039 2510 in
1056 2475 1213 2533 agros
1231 2460 1508 2540 captiVOS‚

237 2511 540 2578 sublidium
564 2524 821 2586 adversus
845 2532 1161 2607 rebelle8,&
1184 2539 1506 2606 imbuendis

240 2593 400 2663 sociis
419 2603 491 2666 ad
510 2604 691 2670 officia
720 2610 930 2696 legum.
966 2618 1176 2683 Annal,
1199 2623 1308 2684 XII
1335 2673 1353 2700 ‚
1412 2651 1509 2707 327
