1660 3071
349 119 957 176 Pozxrch.
1195 125 1308 190 169

37 237 210 309 'Nero
213 236 503 333 prodigis
524 231 966 301 donationibus
987 231 1312 328 imperium

262 327 596 417 exhaufit,
624 325 918 417 familias
971 352 1099 394 non

467 419 892 511 locupletavit.

124 547 234 605 Sub
260 544 439 602 Galba
459 542 751 617 Principe,
789 540 1043 621 proxima
1069 544 1315 622 pecuniae

34 651 200 690 cura:
242 635 300 686 &
336 626 532 683 cuneta
564 620 933 681 scrutantibus
965 626 1317 702 justiflimum

33 710 209 772 visum
236 709 311 767 est
333 755 349 780 ‚
390 706 522 764 inde
552 706 766 787 repeti,
807 706 902 763 ubi
933 706 1133 788 inopiae
1159 709 1318 768 causa.

35 815 168 855 erat.
217 792 307 850 Bis
337 799 393 850 ὃς
424 789 590 848 vicies
620 788 827 846 'millies
864 787 1174 848 sestertium
1212 792 1323 858 doe

36 875 355 937 nationibus
380 875 532 932 Nero
565 870 854 931 effuderat.
895 872 1187 955 Appellari
1212 873 1319 933 fin-

36 961 192 1044 gulos
236 956 378 1038 juffit
407 1005 424 1029 ,
479 954 716 1014 decuma
765 975 918 1038 parte
968 956 1320 1016 liberalitatis

37 1043 188 1126 apud
233 1062 518 1122 quemque
559 1060 761 1097 eorum
807 1038 1011 1097 relicsta.
1084 1041 1164 1099 At
1207 1040 1320 1100 illis
1397 1054 1400 1056 ’

35 1129 126 1187 vix
148 1126 394 1184 decumae
419 1122 577 1204 super
596 1122 881 1203 portiones
906 1142 1063 1180 erant
1082 1147 1093 1180 z
1113 1121 1320 1184 iisdem

0 1222 1 1230 ’
37 1233 168 1291 erga
191 1207 372 1266 aliena
391 1204 701 1287 sumptibus
721 1252 737 1275 ‚
773 1204 974 1284 quibus
997 1204 1087 1263 sua
1109 1207 1320 1288 prode-

39 1312 233 1377 gerant
253 1338 269 1362 ,
299 1288 426 1348 cum
455 1287 795 1370 rapaciffimo
824 1287 1024 1368 cuique
1048 1312 1107 1346 ac
1130 1292 1320 1370 perdi-

44 1375 245 1436 tiffimo
269 1421 286 1445 ‚
332 1396 447 1430 non
480 1371 598 1452 agri
626 1419 642 1443 ,
686 1390 778 1428 aut
809 1368 969 1429 fenus
1004 1418 1020 1443 ‚
1063 1371 1160 1431 sed
1202 1373 1318 1434 sola.

41 1460 407 1519 instrumenta
422 1455 689 1514 vitiorum
705 1475 1015 1516 manerent,⁰
1030 1457 1320 1516 ExatTtioni

41 1543 270 1624 triginta
288 1540 500 1621 equites
515 1539 764 1599 Romani
783 1537 1077 1621 praepositi,
1101 1564 1319 1601 novum

41 1625 212 1686 officii
239 1647 409 1705 genus
439 1670 455 1694 ‚
493 1632 557 1693 δε
579 1621 799 1681 ambitu
828 1646 888 1680 ac
916 1645 1156 1683 numero
1179 1647 1318 1685 one-

44 1707 231 1768 rosum
259 1732 271 1763 :
307 1706 516 1784 ubique
555 1707 701 1763 hasta
725 1751 741 1774 ,
786 1697 1049 1764 &ffeetor
1071 1753 1087 1777 ‚
1139 1714 1196 1766 &
1225 1708 1325 1766 ina'

45 1792 235 1874 quieta
253 1789 404 1848 Urbs
425 1787 789 1846 motionibus,
813 1788 1085 1845 Attamen
1105 1791 1320 1870 grande

47 1873 313 1958 gaudium
354 1917 370 1941 ‚
429 1871 587 1948 quod
638 1891 756 1927 tam
807 1892 1073 1951 pauperes
1126 1867 1320 1931 forent:

0 1967 1 1971 ’
47 1957 247 2038 quibus
282 1951 532 2012 donaffet
562 1953 748 2024 Nero,
785 1952 957 2033 quam
989 1951 1190 2033 quibus
1222 1955 1323 2015 ab..

43 2037 278 2102 stulisset.
323 2037 549 2108 Hist.1,
591 2059 684 2094 zo.

111 2164 296 2236 Vitia
325 2218 349 2242 ,
398 2163 456 2230 δ’
499 2161 819 2230 turbarum
854 2162 1271 2257 cazcfizsfecit.

129 2293 352 2348 Mortuo
376 2293 593 2346 Nerone
610 2330 634 2356 ,
671 2279 1070 2368 plebs‘sordida
1091 2297 1147 2348 ὃς
1171 2290 1325 2348 circo

57 2394 117 2431 ac
151 2372 376 2431 theatris
404 2369 554 2430 sueta
576 2419 591 2441 ,
633 2368 792 2428 simul
817 2369 1108 2429 deterrimi
1137 2370 1325 2432 servo-

55 2476 216 2524 rum,
267 2475 360 2514 aut
386 2456 484 2534 qui
514 2452 684 2515 adesis
714 2452 874 2513 bonis
897 2501 914 2528 ,
951 2477 1048 2537 per
1083 2455 1327 2516 dedecus

142 2537 290 2603 Tom.
334 2541 463 2595 VII.
1091 2540 1145 2596 H
