1615 3130
260 151 387 215 '144
470 134 542 197 C.
579 137 1022 197 CORNELII
1073 131 1377 196 TAcr‘rr

263 238 539 299 facundiae
578 232 802 318 eguisse.
875 236 1028 294 Nam
1078 236 1315 295 dictator
1365 239 1546 298 Caesar

257 322 494 384 summis
534 319 846 378 oratoribus
885 317 1154 397 aemulus3
1201 325 1258 378 ὃς
1289 321 1544 402 Augusto

258 425 525 491 prompta
549 427 610 463 ac
638 403 916 487 profluens
932 451 950 477 ‚
991 426 1111 484 quae
1142 403 1367 464 deceret
1386 405 1547 464 Ptin-
1573 475 1580 484 ‚
1606 480 1607 483 Ἴ

257 491 446 573 cipem
473 537 491 562 ‚
527 487 853 570 eloquentia
888 485 1013 546 fuit.
1071 488 1335 548 Tiberius
1363 509 1546 548 artem
1606 524 1608 527 ·

257 597 488 656 quoque
515 571 753 632 callebat
777 619 794 644 ‚
838 571 947 652 qua
971 571 1141 631 verba
1169 572 1542 654 expenderet,

258 681 384 718 tum
423 656 639 717 validus
669 654 910 714 sensibus
935 702 951 726 ,
998 676 1090 714 aut
1131 655 1384 715 consulto
1427 681 1546 715 am-
1604 672 1608 727 ξ

256 744 477 826 biguus.
519 740 702 799 Etiam
728 739 856 797 Caii
882 737 1110 798 Caesaris
1136 740 1356 799 turbata
1380 762 1541 800 mens

253 828 375 887 vim
395 825 624 885 dicendi
642 847 759 882 non
779 823 1041 906 corrupit.
1058 824 1177 883 Nec
1193 824 1252 882 in
1271 824 1542 898 Claudio,

250 911 473 993 quoties
497 909 772 967 meditata
795 905 1113 980 dissereret,
1149 907 1540 989 eloquentiam

252 994 580 1075 requireres.
625 994 780 1053 Nero
802 991 1110 1079 puerilibus
1134 993 1316 1050 statim
1340 993 1498 1051 annis
1519 1039 1538 1065 ‚
1603 1008 1607 1044 ἰ

252 1076 511 1138 vividum
536 1077 794 1138 animum
817 1078 876 1135 in
897 1076 1001 1135 alia
1024 1075 1269 1136 detorsit.
1287 1078 1501 1136 Caelare
1516 1124 1536 1149 ,

254 1163 488 1246 pingere
511 1209 529 1234 ,
573 1182 766 1221 cantus
791 1209 808 1233 ,
850 1182 942 1220 aut
972 1161 1228 1243 regimen
1261 1183 1540 1242 equorum

258 1268 552 1307 exercere:
598 1254 654 1306 &
687 1244 992 1326 aliquando
1028 1245 1367 1304 carminibus
1399 1267 1539 1325 pan-

256 1330 453 1413 gendis
480 1377 496 1402 ,
557 1326 729 1388 inesse
785 1327 886 1387 fibi
941 1328 1225 1389 elementa
1271 1329 1537 1389 doctrinae

256 1413 600 1474 ostendebat.
643 1412 850 1471 Annal.
876 1412 1036 1473 XIII
1051 1462 1068 1488 ,
1109 1437 1161 1487 3.

255 1538 619 1635 Numquam
647 1561 861 1607 tamen
901 1537 1107 1634 major
1135 1537 1488 1632 eloquentia
1510 1587 1535 1630 ,
1599 1578 1603 1599 ι

483 1635 668 1727 qua‘m
693 1635 808 1702 ubi
828 1633 982 1729 plus
1016 1634 1309 1702 licentiae.

336 1745 558 1826 Magna
604 1746 700 1803 ista
751 1754 809 1804 &
855 1745 1118 1804 notabilis
1170 1744 1492 1826 eloquentia
1516 1791 1536 1817 ,
1598 1760 1601 1826 J

252 1826 482 1889 alumna
507 1827 744 1889 licentiae
769 1876 785 1902 ,
828 1853 1000 1910 quam
1030 1829 1179 1889 stulti
1209 1829 1537 1889 libertatem

253 1913 532 1971 vocabant
556 1959 573 1982 ‚
618 1935 808 1970 comes
850 1912 1192 1971 seditionum
1219 1957 1236 1983 ,
1280 1910 1535 1971 effrenati
1568 1956 1571 1959 -

252 1992 446 2077 populi
468 1994 902 2052 incitamentum
919 2042 936 2066 ,
960 1994 1072 2054 sine
1090 1994 1361 2076 obsequio
1380 2042 1397 2068 ,
1421 1995 1534 2055 fine

252 2078 516 2138 servitute
541 2125 557 2150 ,
605 2100 906 2137 contumax
933 2124 950 2151 ,
1002 2081 1298 2139 temeraria
1323 2126 1340 2150 ,
1378 2102 1534 2138 arro-
1590 2131 1593 2146 ζ

258 2185 393 2245 gans
422 2209 438 2233 ‚
480 2185 599 2242 quae
623 2164 682 2220 in
709 2163 853 2222 bene
884 2164 1191 2223 constitutis
1217 2163 1534 2245 civitatibus

254 2269 370 2304 non
388 2246 580 2304 oritur.
633 2249 822 2322 Quem
863 2248 1018 2306 enim
1050 2269 1331 2308 oratorem
1356 2250 1569 2318 Lace-j

252 2329 598 2388 daemonium
616 2379 631 2403 ,
652 2355 825 2412 quem
847 2331 1183 2392 Cretensem
1202 2333 1529 2414 accipimus?

253 2435 493 2494 quarum
524 2415 814 2474 civitatum
842 2414 1172 2475 severissima
1200 2416 1526 2499 disciplina,

255 2506 314 2558 &
335 2495 675 2556 severiffimae
700 2499 849 2580 leges
875 2500 1184 2561 traduntur.
1225 2503 1314 2560 Ne
1336 2501 1528 2562 Mace-

251 2580 468 2641 donum
500 2581 738 2662 quidem
773 2607 833 2642 ac
863 2582 1149 2645 Persarum
1173 2633 1190 2659 ,
1230 2606 1323 2644 aut
1362 2585 1595 2652 ullius

1297 2672 1520 2753 genu3‚
1592 2687 1594 2762 J
