1660 3071
434 55 1038 118 P0L1110A.
1266 75 1388 145 '149

157 188 359 280 Falsis
389 187 817 260 auditionibus
848 213 924 255 ne
953 185 1338 281 inquinetan

189 327 344 387 Mihi
398 326 658 385 tradendi
710 324 1092 406 arguendique
1143 323 1382 385 rumoris

107 409 348 484 Druficm
383 432 582 469 veneno
623 433 656 464 a
697 412 908 465 Tiberio
950 414 1180 465 enec'Zam
1221 408 1379 468 causa

102 490 246 563 fuit,
286 511 383 563 ut,
423 491 570 550 claro
606 488 705 549 sub
744 489 1003 570 exemplo
1027 537 1044 561 ‚
1091 489 1247 550 falsas
1278 515 1383 557 auf

101 573 344 633 ditiones
371 574 717 656 depellerem
741 621 756 645 ‚
790 593 1156 655 peteremque
1183 574 1252 632 ab
1276 576 1377 650 iis,

99 679 341 738 quorum
377 658 439 715 in
476 681 673 716 manus
722 679 851 715 cura
887 656 1069 712 nostra
1115 659 1332 717 venerit
1360 707 1380 732 ,

95 763 166 800 ne
193 740 474 824 divulgata
496 763 662 823 atque
689 737 1045 799 incredibilia
1063 785 1080 810 ,
1105 740 1266 798 avide
1290 765 1380 800 ac-

96 845 253 906 cepta
274 873 291 898 ,
323 825 461 884 veris
495 874 511 898 ,
538 847 721 907 neque
768 824 827 882 in
858 822 1195 882 miraculum
1249 846 1376 883 cor-

93 908 267 989 ruptis
300 956 317 980 ,
363 909 755 969 antehabeant.
808 905 1016 966 Annal.
1039 909 1144 979 IV,
1180 931 1200 965 1
1222 930 1269 965 1.

173 993 502 1050 Germanici
526 1016 674 1052 mors
691 1041 708 1065 ,
731 1015 847 1051 non
872 989 1050 1049 modi)
1074 991 1222 1074 apud
1242 991 1370 1053 illos

92 1073 382 1146 homi11e5‚
418 1078 515 1156 qui
539 1097 659 1134 tum
680 1075 922 1158 agebant
938 1121 955 1145 ,
979 1074 1153 1147 etiam
1169 1074 1372 1136 secutis

90 1159 438 1239 temporibus
478 1161 631 1217 vario
673 1181 900 1217 rumore
936 1161 1132 1236 jactata
1164 1183 1176 1216 :
1221 1159 1367 1219 adei)

86 1242 333 1299 maxima
355 1264 587 1323 quaeque
619 1243 886 1325 ambigua
905 1238 1031 1299 sunt
1052 1289 1068 1312 ‚
1104 1241 1243 1300 dum
1268 1242 1367 1302 alii

86 1346 317 1406 quoquo
354 1327 531 1385 modo
561 1327 750 1386 audita
784 1348 884 1409 pro
923 1325 1226 1407 compertis
1260 1326 1370 1398 hat-2v

81 1406 259 1486 bent3
304 1408 400 1467 alii
443 1433 573 1470 vera
615 1412 673 1469 in
713 1409 1057 1469 contrarium
1093 1429 1320 1469 vertunt
1345 1436 1362 1470 ε

81 1497 161 1630 fil
180 1491 359 1574 gliscit
404 1515 708 1575 utrumque
751 1493 1084 1576 posteritate.
1149 1492 1361 1557 Annal.

184 1622 201 1645 ,
253 1598 341 1650 19.

87 1694 373 1768 Vitanda
414 1702 800 1795 gentilitatis
841 1704 900 1768 δ’
949 1703 1352 1795 antiquitatis

590 1796 827 1886 stadia.

167 1896 449 1962 Arminius
490 1907 816 1963 Graecorum
856 1907 1147 1968 annalibus
1186 1910 1352 1993 igno-

74 2003 160 2042 tus
182 2031 199 2055 ‚
242 1987 339 2067 qui
362 1986 455 2047 sua
477 1987 700 2047 tantum
725 1990 998 2049 mirantur
1023 2016 1035 2050 ε
1074 1995 1350 2055 Romanis

73 2065 223 2125 haud
257 2072 490 2151 perinde
526 2072 758 2133 celebris
782 2122 799 2147 ,
843 2074 983 2134 dum
1019 2099 1207 2137 vetera
1253 2101 1349 2137 ex-

71 2149 321 2297 {tfllirgigs
353 2203 372 2230 ,
426 2158 739 2220 recentium
784 2159 1062 2222 incuriofi.
1133 2162 1343 2225 Annal.

151 2280 168 2309 ‚
294 2283 305 2298 .

994 2578 1049 2634 G
1091 2576 1148 2652 iij
