1660 3071
463 76 506 133 P
553 93 590 132 0
633 95 663 132 1.
708 95 728 130 1
772 93 808 130 'r
854 94 874 130 1
920 93 952 130 c
1000 90 1061 130 A.
1337 98 1409 153 57

218 179 355 238 Sunt
387 173 637 256 procacia
675 171 917 233 Urbanae
945 169 1123 253 plebis
1158 168 1405 254 ingenia.

141 262 278 320 Hist.
309 258 437 328 III,
482 278 572 329 32.

116 359 419 463 ¹chscz‘w't
453 369 511 435 ff
530 367 750 459 ficrit,
804 392 917 434 nec
956 367 1124 436 mala
1160 368 1401 462 quidem

433 460 694 555 publica
740 460 1080 552 miseratur.

209 571 561 631 Concurrere
600 571 659 629 in
705 594 904 652 campo
940 572 1156 630 Martio
1194 573 1401 634 infestae

129 659 513 715 Flaviano-rum
545 653 592 712 δ’
623 657 1039 715 Vitellianorum
1068 656 1228 714 acies,
1292 661 1399 716 Pro

126 737 393 797 Flavianis
429 736 652 796 fortuna
678 785 695 809 ,
739 745 797 797 &
836 757 989 820 parta
1033 740 1237 798 totiens
1283 740 1397 798 vic-

124 822 300 880 toria:
344 821 640 882 Vitelliani
686 819 1072 902 desperatione
1113 820 1227 880 sola
1270 844 1397 881 rue-·

123 903 290 983 bant3
316 913 374 965 δε
394 927 739 985 quamquam
763 903 899 986 pulsi
915 952 931 977 ‚
954 903 1130 964 rursus
1155 906 1212 962 in
1236 906 1397 966 Urbe

118 989 617 1070 congregabantur.
631 988 845 1047 Aderat
861 988 1233 1071 pugnantibus
1247 985 1395 1068 spec-

117 1091 262 1129 tator
305 1072 540 1153 populus
568 1118 585 1142 ‚
631 1092 805 1150 utque
850 1072 909 1128 in
955 1071 1168 1131 ludicro
1214 1093 1392 1132 certa-

115 1155 270 1229 mine
294 1201 310 1225 ,
343 1155 442 1211 hos
468 1154 643 1212 modb
659 1202 676 1226 ‚
713 1151 889 1213 rursus
914 1154 1039 1213 illos
1065 1154 1309 1213 clamore
1330 1166 1390 1216 ὃς

113 1235 303 1320 plausu
326 1235 583 1296 fovebat:
609 1238 867 1318 quotiens
891 1258 1011 1317 pars
1035 1238 1204 1296 altera
1228 1238 1389 1298 incli-

113 1317 287 1379 naffet
307 1368 324 1392 ,
364 1320 583 1379 abditos
607 1322 666 1379 in
693 1321 935 1391 tabernis
963 1367 981 1392 ,
1025 1342 1118 1380 aut
1146 1320 1183 1379 fi
1211 1345 1386 1401 quam

110 1404 171 1462 in
220 1403 459 1462 domum
508 1402 902 1487 perfugerant,
948 1405 1064 1463 erui
1116 1404 1386 1488 jugulari-

111 1510 219 1568 que
262 1486 662 1569 expostulantes
688 1537 705 1562 ,
745 1508 898 1570 parte
937 1496 1148 1568 majore
1190 1489 1384 1570 praedae

111 1570 499 1652 potiebantur:
544 1595 672 1630 narn
721 1571 904 1630 milite
943 1572 1014 1630 ad
1052 1570 1386 1654 sanguinem

110 1661 170 1712 δε
206 1654 376 1712 caedes
415 1654 646 1714 obverso
681 1653 854 1737 spolia
890 1655 949 1712 in
985 1655 1180 1737 vulgus
1212 1657 1382 1715 cede-

108 1735 261 1794 bant.
306 1738 451 1794 Saeva
477 1759 537 1794 ac
563 1735 833 1795 deformis
851 1738 1014 1796 Urbe
1035 1737 1150 1795 tota
1176 1737 1343 1798 facies
1366 1766 1380 1798 ε

106 1817 239 1877 alibi
261 1818 452 1897 proelia
474 1827 531 1874 <Sc
553 1819 814 1894 vulnera3
847 1817 980 1875 alibi
1003 1819 1232 1878 balineae
1253 1844 1379 1900 pro-

106 1901 389 1985 pinaeque:
412 1899 573 1959 simul
591 1922 754 1959 ‘cruor
776 1908 832 1959 &
851 1901 1015 1959 strues
1045 1923 1340 1982 corporum
1361 1930 1376 1963 ε

101 1994 251 2067 juxta
283 1984 459 2043 scorta
493 1992 549 2043 &
589 1982 776 2042 scortis
811 1981 1014 2042 fimiles
1046 2007 1384 2065 :quantum

99 2071 161 2130 in
185 2065 460 2127 luxurioso
485 2067 603 2125 otio
628 2066 930 2126 libidinum
954 2090 970 2142 3
1006 2069 1285 2148 quidquid
1312 2072 1372 2130 in

100 2150 438 2212 acerbiffima
468 2151 784 2231 captivitate
813 2149 1082 2209 scelerum
1111 2177 1122 2209 :
1157 2150 1375 2234 prorsus

100 2257 162 2295 ut
187 2235 448 2295 eamdem
473 2234 755 2293 civitatem
784 2243 840 2293 δε
866 2232 1049 2293 furere
1071 2235 1323 2294 crederes
1349 2283 1367 2307 ,

103 2328 161 2380 &
209 2318 471 2377 lascivire.
558 2317 946 2376 Conflixerant
994 2319 1121 2376 ante
1167 2320 1368 2377 armati

105 2403 366 2461 exercitus
404 2402 463 2458 in
496 2401 655 2460 Urbe
686 2449 703 2474 ,
748 2401 830 2458 bis
864 2404 929 2459 L.
960 2399 1105 2460 Sulla
1129 2448 1144 2472 ‚
1188 2399 1364 2460 semel

98 2483 288 2547 Cinna
323 2485 621 2548 vietor-ibus
648 2532 669 2562 ,
711 2508 814 2549 nec
852 2506 983 2547 tunc
1018 2484 1202 2543 minus
1239 2505 1377 2547 cru-zv

1041 2568 1170 2631 (ἓν
