1642 3125
261 134 344 194 70
459 112 532 171 C.
578 109 1001 169 Conui-1211
1056 105 1351 164 TAorTr

231 272 235 275 ,
259 207 376 297 eju‘s
401 260 418 285 ‚
451 207 697 270 multum
723 200 872 285 prius
898 200 1119 273 laudata
1145 203 1537 286 magnitudine

259 297 470 366 animi,
492 292 766 351 attinuere
781 285 1058 345 senatores
1079 335 1094 359 ‚
1116 286 1537 347 diffolutionem

259 377 486 462 imperii
539 370 801 433 docendo
841 417 858 442 ,
889 369 955 434 ,fi
1006 368 1214 430 fruetus
1259 418 1277 443 ,
1335 370 1536 451 quibus

258 459 568 545 respublica
611 455 1003 526 sustineretur,
1053 453 1537 516 deminuerentur.

255 548 485 627 Quippe
510 590 526 615 ,
565 539 790 600 sublatis
824 538 1084 619 portoriis
1108 586 1125 611 ‚
1161 538 1394 620 sequens
1416 587 1433 611 ,
1474 560 1537 599 ut

256 631 599 690 tributorum
637 622 872 683 abolitio
911 622 1360 705 expostularetur.
1409 622 1538 683 Ple-

257 713 451 794 rasque
470 707 828 790 vectigalium
851 705 1139 766 societates
1169 731 1200 767 a
1221 705 1538 766 consulibus

260 807 319 859 &
348 794 583 855 tribunis
618 791 795 872 plebis
823 791 1142 850 constitutas
1165 839 1182 864 ,
1222 790 1333 865 acri
1365 790 1538 849 etiam

262 878 457 965 populi
493 876 741 935 Romani
784 895 907 933 tum
952 874 1233 934 libertate.
1293 872 1539 954 Reliqua

258 986 391 1024 mox
427 962 504 1019 ita
537 955 751 1042 provisa
776 1005 792 1029 ‚
841 979 904 1016 ut
944 958 1083 1016 ratio
1128 959 1432 1037 quaestuum
1479 966 1538 1016 ὃς

258 1044 540 1108 necessitas
580 1042 973 1123 erogationum
1016 1041 1162 1097 inter
1198 1038 1252 1099 se
1267 1061 1542 1121 congrue-

259 1150 403 1191 rent.
444 1123 869 1208 Temperanclas
911 1121 1080 1206 plane
1106 1123 1542 1205 publicanorum·
1594 1117 1599 1121 ¹

258 1212 548 1297 cupidines
577 1256 594 1281 ‚
636 1231 707 1268 ne
744 1229 841 1290 per
867 1227 952 1265 tot
978 1229 1152 1265 annos
1176 1206 1289 1266 fine
1312 1206 1541 1287 querela

264 1298 497 1358 tolerata
519 1341 535 1365 ,
574 1293 731 1369 novis
750 1289 1144 1351 acerbitatibus
1170 1292 1242 1357 ad
1263 1290 1539 1350 invidiam

264 1397 564 1443 verterent.
605 1373 813 1436 Annal.
846 1375 1025 1447 XIII,
1069 1396 1158 1453 50.

270 1490 683 1577 Parcimonicz
698 1498 793 1592 fit
818 1555 845 1581 ,
888 1524 964 1567 ne
991 1496 1542 1594 glzscantscelerm

355 1628 635 1703 AErarium
668 1622 706 1682 fi
740 1622 1053 1682 ambitione
1089 1620 1498 1682 exhauserimus
1523 1667 1543 1693 ‚
1606 1646 1610 1648 ’

266 1737 363 1798 per
379 1711 582 1798 scelera
599 1706 971 1791 supplendum
985 1707 1107 1766 erit.
1123 1705 1330 1765 Annal.
1350 1708 1421 1776 II,
1448 1730 1469 1782 3
1488 1711 1515 1762 8
1528 1751 1542 1764 .

270 1829 928 1938 Quibusdanrgopulis
955 1855 1082 1897 non
1107 1831 1341 1897 tributa
1365 1883 1390 1909 ,
1424 1830 1548 1921 secl

594 1951 720 1995 νινι
762 1922 1213 1991 indicebantur.

351 2036 558 2096 Batavi
593 2036 972 2117 gloriabantur
1004 2032 1105 2092 sib-i
1140 2058 1256 2092 non
1296 2031 1501 2092 tributa
1524 2079 1542 2103 ‚

269 2121 366 2182 sed
405 2122 673 2179 virtutem
709 2127 766 2178 &
798 2119 943 2176 viros
974 2117 1186 2177 indici:
1223 2117 1545 2201 proximum

270 2205 332 2266 id
372 2203 632 2262 libertati.
679 2202 815 2264 Hist.
842 2203 922 2271 V,
957 2224 1052 2280 25.

363 2291 600 2345 Batavis
632 2298 823 2344 manet
856 2285 1035 2343 honos
1055 2333 1070 2357 ,
1103 2292 1160 2343 &
1185 2282 1422 2363 antiquae
1458 2280 1563 2340 so-

274 2371 485 2430 cietatis
509 2368 719 2450 insigne
740 2394 751 2426 z
775 2392 908 2426 nam
929 2391 1031 2427 nec
1053 2367 1270 2427 tributis
1292 2387 1565 2424 contem-·

273 2474 480 2512 nuntur
503 2501 520 2525 ‚
561 2475 664 2511 nec
692 2450 1014 2534 publicanus
1038 2450 1225 2510 atterit
1255 2474 1265 2506 :
1298 2449 1544 2530 exempti

273 2536 534 2598 oneribus
562 2545 619 2597 Sc
652 2534 1044 2594 collationibus
1069 2582 1086 2607 ,
1131 2542 1189 2594 δε
1226 2531 1446 2594 tantum
1483 2533 1545 2590 in
