1660 3071
361 136 966 205 Ροιιτιοᾼ.
1207 182 1316 243 119

26 215 273 310 'tempus
317 232 509 294 Ρεςιιᾶἓι
544 237 705 299 ludos
746 242 839 302 edi
879 245 1111 312 solitos:
1156 261 1245 320 vel
1284 266 1323 325 fi

45 314 348 374 vetustiora
366 339 578 399 repetas
593 369 610 393 ‚
633 325 866 386 stantem
885 335 1158 414 populum
1179 343 1328 428 spec—-

51 393 289 454 taviffe:
340 422 410 458 ne
450 400 489 458 fi
533 406 845 469 consideret
879 462 896 485 ,
947 418 1166 483 theatro
1210 430 1327 492 dies

48 493 195 535 totos
218 478 437 559 ignavia
461 489 830 552 continuaret.
863 496 1015 560 Ann.
1034 505 1203 583 XIV,
1230 535 1324 576 20.

45 595 417 696 Manficram
440 610 654 702 sedem
701 615 783 683 iis
817 622 1070 712 primus
1105 637 1326 727 posuit

423 704 536 774 Cn.
580 707 944 807 Pompeius,

133 808 304 870 Erant
338 811 437 891 qui
470 816 578 874 Cn.
603 842 830 904 quoque
861 830 1200 914 Pompeium
1235 841 1326 903 in-

41 886 291 951 cusatum
315 919 345 953 a
364 894 670 962 senioribus
697 904 909 971 ferrent
927 961 943 984 ,
982 920 1137 996 qued
1163 946 1321 986 man-

31 967 216 1119 ἓιὲιὲειῖιῖῃ
279 979 483 1042 theatri
525 982 718 1049 sedem
763 994 1040 1076 posuisset.
1109 1003 1320 1072 Annal.

192 1108 210 1132 ‚
252 1083 345 1120 20.

86 1182 447 1280 Erumpens
476 1192 706 1263 theatri
734 1198 992 1273 licentia
1025 1208 1271 1308 legibus

302 1282 427 1374 fich
470 1284 713 1359 Tiberio
744 1299 1034 1372 coercita.
1145 1307 1149 1310 ”

125 1383 409 1453 Adversus
466 1394 747 1464 lasciviam
798 1406 1083 1473 fautorum
1137 1421 1317 1485 multa

34 1465 412 1537 decernuntur
434 1526 451 1551 ,
496 1503 562 1540 ex
593 1488 715 1566 quis
755 1494 1001 1555 maxime
1035 1499 1272 1587 insignia
1298 1533 1310 1567 :

32 1551 122 1611 Ne
144 1554 345 1619 domos
363 1570 852 1644 pantomimorum
872 1578 1091 1643 senator
1110 1587 1312 1651 introi-

29 1653 154 1694 ret:
193 1662 265 1699 ne
294 1646 644 1724 egredientes
675 1658 735 1716 in
766 1661 1054 1740 publicum
1091 1675 1310 1752 equites

30 1718 283 1781 Romani
329 1728 660 1810 cingerent:
708 1764 802 1801 aut
845 1745 980 1805 alibi
1026 1755 1198 1831 quam
1245 1759 1309 1818 in

32 1799 250 1863 theatro
271 1806 644 1889 specstarentur
671 1844 683 1877 ε
719 1831 777 1882 &
800 1824 1167 1908 spestantium
1200 1839 1311 1899 irn-

26 1886 362 1949 modestiam
391 1895 577 1954 exsilio
606 1904 888 1966 multandi
911 1919 1145 1992 potestas
1172 1944 1307 2002 prae-

29 1969 242 2030 toribus
281 1973 456 2037 fieret.
493 1978 700 2044 Annal.
729 1988 752 2043 I
777 2037 795 2062 ,
833 2017 928 2068 77.

25 2089 137 2163 Ed
157 2101 611 2198 nondumscztis
637 2113 899 2208 repreſj‘ci
912 2174 938 2199 ‚
968 2122 1304 2221 puffifimt

369 2200 696 2290 histriones
729 2209 946 2283 Italici.

105 2300 291 2363 Variis
309 2307 513 2371 dehinc
536 2324 592 2375 δε
606 2316 794 2402 saepius
808 2323 987 2385 inritis
1000 2351 1300 2411 praetorum

20 2385 300 2460 questibus
334 2438 350 2462 ,
398 2399 676 2476 postremi)
727 2405 908 2465 Caesar
937 2457 955 2482 ,
1004 2417 1056 2470 T
1053 2418 1245 2478 iberius
1266 2461 1295 2489 ,

22 2463 97 2522 de
118 2465 472 2536 immodestia
493 2483 824 2546 histrionum
849 2493 1039 2555 retulit
1063 2522 1080 2575 3
1119 2501 1297 2564 multa

22 2545 96 2613 ‚ab
134 2549 201 2610 iis
234 2553 293 2612 in
331 2561 621 2639 publicum
662 2570 922 2635 seditiose
946 2626 965 2652 ,
1010 2578 1162 2641 foeda
1198 2608 1296 2666 per
