1660 3071
409 104 1012 180 PottrtcA.
1263 144 1346 213 733

88 217 302 297 ”Idem
329 232 428 322 fit
473 240 1029 334 administrationis
1079 274 1278 328 tenor.

148 350 314 410 Initia
334 360 751 438 magistratuum
773 371 1085 431 nostrorum
1107 380 1345 444 meliora.

67 425 246 492 ferme
269 481 286 505 ,
329 436 453 497 finis
487 443 735 505 inclinat.
785 449 989 511 Annal.
1016 459 1150 532 XV,
1188 486 1282 524 21.

64 549 201 622 Nec
231 563 459 653 necff
493 567 578 659 est
610 591 683 637 ut
719 574 1038 659 emineat,
1068 583 1195 672 fied
1208 613 1335 680 pat

476 660 576 750 sit
612 668 908 759 negotiis·

142 772 406 856 Poppaeus
449 780 681 842 Sabinus
707 833 723 857 ‚
765 789 1020 852 modicus
1063 798 1295 881 originis
1314 823 1338 878 ‚'

55 857 375 939 Princlpum
401 864 644 924 amicitia
669 869 1017 935 consulatum
1042 903 1102 937 ac
1132 903 1330 945 trium-

58 938 222 1022 phale
263 941 430 1003 decus
470 947 745 1031 adeptus3
802 960 1169 1044 maximisque
1206 990 1331 1047 pro-

55 1023 251 1082 vinciis
288 1049 385 1107 per
421 1051 657 1108 quatuor
688 1044 746 1094 δε
782 1038 980 1120 viginti
1014 1069 1184 1107 annos
1217 1052 1330 1111 im-

55 1106 257 1188 pofitus
278 1155 294 1179 ‚
332 1111 545 1169 nullam
576 1116 650 1173 ob
677 1118 941 1181 eximiam
971 1150 1147 1188 artem
1167 1180 1185 1203 ,
1228 1134 1327 1198 sed

51 1190 204 1269 qued
252 1213 348 1271 par
395 1198 636 1276 negotiis
668 1245 685 1270 ,
744 1224 928 1284 neque
976 1209 1135 1294 supra
1186 1238 1321 1280 erat.

51 1271 255 1331 Annal.
290 1274 374 1335 VI
400 1325 416 1349 ‚
462 1300 554 1354 39.

101 1396 183 1466 In
208 1398 525 1494 Agricolci'
566 1412 879 1506 egregium
924 1426 1266 1519 exemplar.

131 1522 423 1605 Tempora
487 1551 744 1593 curarum
812 1559 869 1598 re
879 1541 974 1600 mii

974 1543 1312 1634 nonumque

39 1600 217 1663 rdivisa
245 1608 379 1665 :ubi
418 1633 727 1676 conventus
768 1643 827 1678 ac
866 1625 1072 1702 judicia
1116 1636 1309 1715 posce-

43 1707 167 1745 rent
186 1735 201 1759 ,
224 1692 429 1767 gravi3‚
447 1693 692 1757 intentus
714 1748 731 1771 ‚
754 1700 968 1767 severus
987 1758 1002 1781 ‚
1035 1722 1092 1772 δε
1116 1716 1304 1798 saepius

40 1768 380 1830 misericors:
403 1774 495 1831 ubi
532 1777 721 1839 officio
750 1782 1087 1852 satisfaciam
1112 1845 1127 1869 ‚
1157 1802 1310 1863 nulla

37 1850 178 1910 ultra
201 1857 477 1932 potestatis
504 1859 734 1938 persona
751 1912 766 1935 ,
796 1870 1070 1933 tristitiam
1089 1926 1106 1949 ‚
1141 1890 1200 1940 &
1222 1908 1305 1944 ar-

43 1937 353 2016 rogantiam
398 1987 415 2011 ,
460 1948 517 1998 δε
562 1947 849 2009 avaritiam
893 1976 1119 2021 exuerat
1154 1989 1165 2021 :
1202 1990 1307 2029 nec

41 2016 123 2075 illi
150 2067 166 2091 ‚
214 2022 370 2100 quod
414 2024 490 2082 est
537 2028 903 2108 rarissimum,
945 2062 1037 2099 aut
1068 2043 1305 2113 facilitas

40 2105 425 2165 aufforitatem
460 2154 476 2178 ,
520 2131 614 2168 aut
648 2111 903 2178 severitas
929 2145 1180 2190 amorem
1207 2135 1306 2195 de-

36 2185 259 2246 minuit.
299 2190 687 2270 Integritatem
715 2218 880 2280 atque
908 2206 1299 2280 abstinentiam

35 2265 96 2324 in
146 2289 299 2329 tanto
344 2273 463 2332 viro
507 2274 711 2339 referre
743 2329 760 2352 ,
793 2285 993 2365 injuria
1028 2295 1301 2363 virtutum

38 2347 222 2412 fuerit.
243 2355 426 2417 Tacit.
458 2359 581 2420 Vit.
606 2362 796 2458 AgriC.
828 2371 931 2432 IX.
995 2371 1001 2374 ’

162 2597 308 2661 Tom.
351 2607 416 2664 V
404 2608 486 2667 II.
1015 2625 1083 2687 D
