1660 3071
387 90 990 146 PoL1T1cA.
1227 111 1343 169 155

61 211 180 250 non
208 187 266 247 in
294 187 433 246 cella
461 207 660 269 emptae
688 186 914 245 nutricis
937 233 953 257 ,
993 183 1090 244 sed
1117 190 1339 268 gremio

65 299 126 332 ac
153 273 270 331 sinu
293 273 480 330 matris
503 270 840 330 educabatur
857 316 874 340 ‚
898 275 1048 350 cujus
1067 271 1341 354 praecipua.

64 356 178 416 laus
208 376 322 415 erat
348 355 490 413 tueri
512 353 753 411 domum
772 401 788 424 ,
830 362 887 412 &
914 352 1173 414 inservire
1197 355 1338 416 libe-

61 442 151 499 ris.
196 437 518 519 Eligebatur
547 457 737 495 autem
774 436 960 516 aliqua
993 445 1172 517 major
1202 462 1338 501 natu.

57 522 376 606 propinqua
408 568 426 592 ,
483 526 634 600 cujus
683 518 930 600 probatis
973 518 1338 604 spectatisque

57 604 332 676 moribus,
347 603 532 662 omnis
551 601 854 683 cujuspiam
871 599 1098 660 familiae
1119 604 1339 668 suboles

26 748 30 751 ,
59 688 511 748 committeretur
531 735 548 760 ,
585 708 776 745 coram
804 684 914 767 qua
939 708 1123 766 neque
1151 688 1337 750 dicere

56 770 138 831 fas
169 793 283 832 erat
307 771 464 852 quod
495 793 654 853 turpe
692 770 844 829 dicitu
868 817 885 843 ‚
931 792 1114 851 neque
1152 769 1337 834 facere

57 856 215 936 quod
239 857 596 915 inhonestum
619 852 770 914 faCtu
792 854 1092 914 videretur.
1110 852 1195 914 Ac
1219 880 1337 916 non

56 939 232 998 studia
273 940 449 999 modo
488 937 751 1021 curasque
785 987 802 1012 ,
858 937 953 997 sed
995 939 1337 1000 remifliones

3 1098 5 1100 ,
55 1024 229 1081 etiam
263 1022 516 1103 lususque
546 1046 848 1105 puerorum
880 1021 1168 1083 sanctitate
1194 1049 1336 1107 qua-

55 1108 189 1164 dam
259 1130 320 1164 ac
392 1105 730 1166 verecundia
793 1106 1160 1188 temperabat.
1245 1111 1333 1169 Sic

52 1188 385 1249 Corneliam
434 1189 823 1248 Gracchorum
854 1237 871 1262 ,
921 1189 993 1248 fic
1035 1189 1334 1253 Aureliam

51 1272 278 1333 Caesaris
314 1321 331 1347 ‚
391 1272 463 1332 fic
517 1273 738 1333 Attiam
790 1272 1026 1356 Augusti
1086 1296 1331 1337 matrem

49 1356 318 1441 praefuiffe
370 1357 794 1418 educationibus
827 1404 844 1430 ,
906 1382 966 1416 ac
1014 1358 1332 1439 produxisse

45 1443 324 1525 principes
363 1442 569 1501 liberos
606 1442 967 1523 accepimus:
1012 1464 1130 1522 quae
1168 1443 1329 1503 disci-

47 1525 200 1609 plina
221 1550 282 1586 ac
305 1524 561 1586 severitas
583 1529 650 1586 eo
670 1525 988 1609 pertinebat
1004 1573 1021 1598 ‚
1042 1547 1103 1585 ut
1124 1525 1329 1590 sincera

47 1617 106 1669 δε
142 1610 359 1691 integra
397 1618 452 1669 &
493 1609 658 1669 nullis
701 1610 1061 1691 pravitatibus
1106 1611 1330 1673 detorta

45 1691 473 1773 uniuscujusque
510 1715 703 1752 natura
740 1740 758 1765 ,
824 1714 947 1752 toto
979 1691 1161 1752 statim
1192 1720 1330 1778 pec-

49 1797 170 1836 tore
206 1777 470 1857 arriperet
503 1797 645 1836 artes
683 1777 973 1836 honestas:
1019 1785 1077 1836 &
1113 1777 1222 1838 five
1257 1780 1329 1839 ad

44 1880 169 1919 rem
196 1857 502 1917 militarem
529 1906 546 1930 ‚
580 1859 690 1919 sive
726 1859 798 1917 ad
829 1861 962 1939 juris
997 1859 1325 1937 scientiam,

42 1942 153 2002 five
191 1942 263 2001 ad
299 1941 634 2022 eloquentiae
670 1940 916 2001 studium
963 1943 1275 2005 inclinasset
1306 1995 1325 2019 ‚

41 2026 107 2086 id
130 2025 309 2086 solum
336 2046 524 2109 ageret
554 2073 571 2099 ,
612 2026 675 2084 id
707 2025 1028 2087 universum
1057 2028 1321 2090 hauriret.

45 2109 276 2194 Dialog.
300 2110 371 2171 de
401 2112 564 2171 Orat.
589 2112 874 2173 XXVIII.

54 2235 383 2323 Quomodo
405 2237 619 2331 postea
653 2257 941 2332 corrupta
975 2235 1257 2306 educatio
1286 2237 1324 2306 Ρ

133 2357 209 2418 At
246 2385 393 2421 nunc
431 2382 590 2420 natus
627 2357 808 2420 infans
844 2358 1134 2444 delegatur
1168 2363 1324 2420 Grae-

53 2441 186 2499 culae
226 2444 388 2503 alicui
425 2445 633 2504 ancillae
656 2492 672 2517 ‚
715 2445 804 2504 cui
829 2445 1154 2530 adjungitur
1183 2466 1323 2503 unus

52 2544 145 2583 aut
190 2524 326 2586 alter
365 2549 430 2586 ex
475 2528 739 2592 omnibus
783 2527 946 2594 servis
990 2529 1325 2614 plerumque

1019 2614 1166 2690 ij
