1642 3125
229 73 300 155 3'2
411 74 484 132 C.
531 71 972 130 CORNELII
1033 72 1338 132 TAc111

215 173 517 257 diligebat.
561 167 767 228 Annal.
797 168 903 239 IV,
932 191 1028 244 71.

320 297 494 369 Eam
524 291 610 360 ad
631 314 893 368 mortem
926 295 1107 390 afilae
1136 295 1420 368 retinuit.

316 423 351 483 J
355 442 447 478 am
465 417 770 476 Tiberium
793 441 989 500 corpus
1003 466 1019 490 ‚
1037 426 1151 499 jam
1169 420 1312 479 vites
1330 466 1347 492 ‚
1370 441 1516 479 nona

223 506 368 563 dum
398 500 760 562 dissimulatio
791 500 1080 562 deserebat
1105 528 1117 559 ε
1152 502 1309 562 idem
1335 502 1512 561 animi

225 587 383 668 rigor
401 633 419 658 ‚
444 584 703 645 sermone
728 609 789 644 ac
815 585 970 644 vultu
990 585 1237 645 intentus
1253 633 1268 658 ‚
1295 584 1517 666 quaefita

226 669 523 729 interdum
549 671 849 742 comitate,
879 669 1137 751 quamvis
1160 666 1515 728 manifestam

230 751 622 814 defecffionem
650 753 895 836 tegebat.
936 751 1145 812 Annal.
1166 755 1287 824 VI,
1326 775 1418 831 50.

527 877 807 947 Callidus
854 879 913 946 θ’
974 879 1235 947 anxius·

319 1005 404 1061 Ut
428 1001 698 1061 callidum
719 1009 836 1082 ejus
853 1002 1171 1082 ingenium,
1191 1001 1269 1059 ita
1292 1002 1524 1062 anxium

237 1085 517 1166 judicium
545 1112 556 1144 :
598 1108 783 1165 neque
812 1085 1127 1144 eminentes
1151 1085 1380 1144 virtutes
1406 1085 1524 1144 sec-

239 1167 483 1240 tabatut,
501 1177 560 1228 &
579 1167 791 1227 rursum
813 1168 947 1226 vitia
967 1167 1193 1226 oderat:
1212 1190 1276 1227 ex
1294 1168 1526 1252 optimis

238 1252 558 1334 periculum
586 1252 722 1329 fibi3
755 1275 785 1309 a
814 1251 1053 1333 peffirnis
1079 1251 1322 1312 dedecus
1345 1251 1530 1335 publi-⁴

239 1358 375 1396 cum
404 1335 713 1397 metuebat.
753 1333 963 1403 AnnaL
990 1337 1015 1392 I
1040 1382 1058 1408 ‚
1096 1342 1190 1395 80.

523 1461 737 1554 Trzstis
760 1463 885 1556 fich
926 1489 995 1530 eo
1027 1461 1261 1531 Roma.

328 1586 583 1669 Angusta
607 1596 664 1647 &
685 1587 899 1647 lubrica
920 1587 1100 1646 oratio
1123 1585 1222 1644 sub
1242 1585 1530 1667 Principe,

243 1671 345 1753 qui
389 1671 716 1730 libertatem
758 1671 1049 1732 metuebat
1079 1717 1097 1741 ,
1144 1667 1533 1728 adulationem

247 1755 461 1813 oderat.
513 1754 722 1812 Annal.
761 1758 817 1811 II
842 1801 860 1826 ,
901 1761 995 1828 87.

328 1838 464 1895 Non
485 1836 615 1893 alias
636 1838 815 1916 magis
835 1837 1066 1895 anxia&
1084 1857 1288 1918 pavens
1308 1834 1498 1894 civitas
1515 1881 1537 1911 ‚

251 1942 424 1999 egens
469 1917 766 1978 adversum
812 1919 1097 2000 proximos
1121 1968 1137 1992 ‚
1180 1917 1495 2000 congreffus
1516 1966 1537 1992 ,

249 2001 539 2082 colloquia
565 2050 582 2074 ,
623 2022 768 2060 notae
801 2002 1118 2084 ignotaeque
1147 2025 1302 2061 aures
1332 2002 1493 2060 vitari
1521 2027 1534 2060 :

252 2086 429 2144 etiam
459 2106 616 2143 muta
645 2107 812 2164 atque
843 2086 1092 2144 inanima
1122 2089 1333 2143 tastum
1359 2093 1415 2143 δέ
1444 2108 1537 2167 pa·-

250 2168 416 2229 tietes
437 2167 1058 2248 circumspedhbantut.
1079 2166 1285 2227 Annal.
1306 2168 1414 2239 IV,
1435 2178 1471 2225 6
1476 2194 1532 2243 9.

308 2281 677 2375 'Antequam
708 2282 775 2348 in
803 2280 1069 2348 deterius
1101 2299 1444 2348 mutaretm‘
1463 2332 1490 2358 ,

480 2375 886 2471 principcztz'is
920 2377 1058 2472 ejus
1071 2377 1308 2469 fhrmcz.

345 2498 573 2560 Publica
602 2501 831 2584 negotia
851 2548 870 2576 ,
910 2509 968 2562 δε
996 2501 1341 2584 privatorum
1366 2495 1543 2557 maxi-
