1642 3125
307 178 389 256 7'5
514 177 583 237 C.
654 175 1050 234 CoRNELn
1116 175 1393 239 TAcr‘rt

303 278 532 362 quaestus
568 274 717 359 pensi
757 275 1037 334 habebat:
1076 298 1173 359 per
1203 275 1491 337 latrocinia
1516 278 1577 338 δέ

299 385 482 442 raptus
503 408 518 431 ‚
543 379 636 417 aut
654 357 941 418 servilibus
962 360 1275 419 ministeriis
1294 408 1310 433 ,
1333 361 1574 421 militare

300 448 485 504 otium
515 442 887 502 redimebant.
937 444 1093 502 Tum
1121 442 1574 527 locupletiffimus

295 525 530 608 quisque
558 526 751 603 mile8‚
782 526 972 585 labore
998 550 1057 585 ac
1084 525 1284 587 saevitia
1310 526 1530 610 fatigari
1552 575 1571 600 ‚

294 613 477 670 donec
500 610 851 669 vacationem
876 631 1119 669 emeret:
1143 612 1240 670 ubi
1261 610 1571 691 sumptibus

296 695 580 753 exhaustus
607 741 623 765 ,
664 690 912 753 secordia
947 692 1169 776 insuper
1205 694 1527 775 elanguerat
1550 741 1569 768 ,

289 779 452 860 inops
476 799 574 859 pro
597 776 874 859 locuplete
893 824 909 848 ‚
935 785 992 836 &
1014 778 1161 836 iners
1183 800 1284 861 pro
1311 779 1528 839 strenuo
1549 825 1568 850 ‚

288 861 350 921 in
390 859 743 942 manipulum
793 860 1053 920 redibat:
1094 884 1155 919 ac
1201 859 1377 920 rursus
1427 860 1564 922 alius

286 966 456 1025 atque
494 943 630 1002 alius
662 990 679 1014 ,
725 943 925 1002 eadem
963 945 1201 1026 egestate
1239 969 1300 1003 ac
1339 943 1564 1003 licentia

287 1027 571 1108 corrupti,
614 1026 686 1084 ad
731 1025 1071 1086 seditionem
1115 1035 1173 1086 &
1218 1027 1560 1100 discordiaS,

287 1121 347 1173 &
378 1111 451 1170 ad
481 1129 798 1169 extremum
824 1157 841 1183 ‚
887 1109 1035 1178 bella
1077 1109 1262 1169 civilia
1305 1109 1556 1178 ruebant.

282 1196 421 1259 Hist.
450 1197 512 1266 I,
551 1201 648 1267 46.

368 1276 532 1347 Otho
553 1323 569 1348 ,
610 1298 682 1343 ne
711 1273 863 1357 vulgi
897 1271 1194 1356 largitione
1215 1323 1232 1348 ‚
1275 1279 1559 1345 centurio·

281 1383 421 1421 num
454 1360 672 1419 animos
700 1362 973 1417 averteret
996 1406 1013 1431 ,
1040 1381 1106 1417 ex
1126 1356 1256 1417 fisco
1281 1357 1373 1418 suo
1395 1385 1557 1421 vaca-

283 1445 465 1504 tiones
489 1466 695 1503 annuas
716 1440 1091 1501 exsoluturum
1122 1442 1403 1525 promisit}
1432 1468 1554 1505 rem

280 1528 432 1587 haud
479 1527 648 1586 dubie
697 1525 894 1585 utilem
917 1572 933 1596 ‚
983 1532 1040 1583 ὃς
1086 1549 1117 1583 a
1158 1525 1320 1584 bonis
1366 1531 1552 1609 postea

277 1611 624 1695 Principibus
656 1642 673 1682 5
715 1607 1081 1693 perpetuitate
1117 1607 1417 1692 disciplina:
1462 1612 1553 1670 fir-

277 1716 509 1763 matam.
552 1696 776 1768 Hist.I,
814 1702 911 1768 46.

523 1820 694 1889 Pace
738 1816 933 1913 longci'
973 1816 1292 1911 mollescit.

357 1942 507 2023 Syria
540 1941 854 2000 transmotae
889 1939 1138 2020 legiones
1159 1987 1175 2011 ,
1216 1962 1348 2021 pace
1377 1938 1544 2025 longai

269 2026 463 2109 segnes
488 2025 681 2084 munia
709 2026 1103 2082 Romanorum
1137 2024 1420 2104 {egerrime
1451 2046 1542 2085 to·-

269 2110 539 2171 lerabant.
583 2106 789 2167 Annal.
814 2107 953 2164 XIII
971 2153 986 2176 ‚
1030 2131 1051 2182 3
1074 2128 1121 2184 5.

357 2195 496 2252 Satis
530 2190 775 2251 constitit
802 2187 960 2248 fuisse
986 2189 1044 2246 in
1070 2210 1138 2246 eo
1173 2188 1415 2248 exercitu
1442 2214 1541 2251 ve-

265 2299 486 2338 tetanos
506 2324 523 2348 ,
555 2275 652 2356 qui
685 2297 798 2331 non
829 2273 1154 2343 stationem,
1184 2296 1300 2331 non
1319 2273 1537 2354 vigilias

262 2358 488 2421 iniffent
510 2383 526 2436 3
565 2356 776 2417 vallum
800 2354 1111 2436 fossamque
1135 2354 1283 2436 quafi
1307 2379 1451 2414 nova
1474 2366 1534 2417 δε

267 2446 410 2504 mira
447 2442 723 2516 viserent3
761 2440 874 2500 sine
907 2440 1075 2523 galeis
1100 2442 1129 2509 ,’
1156 2437 1267 2498 fine
1303 2439 1487 2498 loricis
1510 2489 1529 2513 ‚

266 2528 434 2587 nitidi
470 2535 525 2586 &
563 2523 842 2606 quaestuosi
873 2571 891 2595 ,
941 2521 1143 2580 militia
1187 2544 1284 2605 per
1324 2524 1530 2611 oppida.

261 2610 490 2695 expleta.
531 2606 737 2674 Annal.
761 2609 899 2671 XIII
922 2653 940 2680 ,
982 2628 1072 2684 35.
