1660 3071
386 122 998 184 Porrrch.
1210 124 1349 198 '1⁵15‘

236 356 616 424 XXVII.
715 357 777 421 L
829 378 877 423 U
928 376 972 422 x
1025 375 1073 422 U
1124 380 1180 425 s.

65 506 180 573 Ex
219 504 441 598 opibus
477 505 765 599 rebusque
782 507 1081 598 secundis
1121 505 1338 577 luxus,

85 687 88 689 Α
154 629 311 706 Opes
341 675 357 700 ‚
403 637 462 687 &
506 650 696 689 rerum
742 626 1114 688 secundarum
1162 629 1338 688 luxus.

65 709 200 768 Hist.
235 709 369 782 111,
406 734 504 790 45.

202 835 318 927 Est
359 834 637 928 eruditus
680 835 929 930 quidam
974 834 1190 903 luxus,

154 957 223 1016 C.
268 959 534 1018 Petronio
578 958 694 1018 dies
738 982 834 1040 per
879 957 1181 1031 somnum,
1229 981 1341 1018 nox

64 1040 260 1102 officiis
292 1051 348 1101 &
377 1041 806 1101 oble&amentis
844 1042 966 1101 vitae
1002 1041 1341 1124 transigeba-

63 1146 168 1184 tur.
194 1127 387 1204 thue
403 1125 536 1181 alios
557 1125 841 1196 industria,
864 1127 938 1183 ita
955 1126 1100 1184 hunc
1119 1127 1342 1208 ignavia.

62 1208 136 1266 ad
158 1206 371 1264 famam
396 1206 702 1288 protulerat
721 1255 737 1279 ,
775 1208 1197 1287 habebaturque
1224 1232 1339 1269 non

63 1314 243 1374 ganeo
268 1299 325 1350 &
348 1290 671 1372 profligator
689 1338 704 1362 ‚
729 1311 789 1348 ut
812 1289 1063 1371 plerique
1088 1290 1181 1349 sua
1205 1292 1339 1350 hau-

62 1374 332 1434 rientium
363 1421 378 1446 ,
430 1372 525 1433 sed
571 1373 792 1432 erudito
842 1373 988 1438 luxu.
1058 1374 1145 1434 Ac
1193 1375 1341 1434 dieta

59 1456 317 1537 fastaque
347 1464 459 1537 ejus
485 1459 695 1537 quanti)
719 1455 981 1516 solutiora
1005 1504 1021 1529 ,
1062 1465 1120 1517 ὃς
1143 1481 1341 1539 quam-

24 1559 28 1562 ’
63 1540 193 1599 dam
220 1539 298 1599 sui
322 1540 730 1622 negligentiam
758 1539 1106 1623 praeferentia
1128 1590 1144 1615 ‚
1179 1541 1336 1601 tanti)

65 1622 271 1704 gratius
312 1625 371 1680 in
413 1622 654 1700 speciem
692 1624 1055 1705 simplicitatis
1098 1626 1340 1709 accipie-

61 1707 282 1766 bantur.
356 1706 655 1764 Proconsul
695 1729 884 1766 tamen
923 1709 1192 1785 Bithyni-ce
1216 1757 1234 1781 ,
1280 1718 1340 1770 &

61 1812 196 1849 mox
238 1787 427 1845 consul
455 1834 472 1857 ,
521 1790 809 1870 vigentem
838 1788 892 1847 se
922 1814 983 1848 ac
1011 1812 1203 1870 parem
1235 1814 1339 1851 ne-

63 1872 226 1954 gotiis
261 1869 503 1928 ostendit
535 1895 546 1925 ε
590 1871 723 1928 dein
756 1871 1036 1929 revolutus
1065 1873 1136 1930 ad
1164 1873 1336 1946 vitia,

62 1955 157 2016 seu
187 1954 456 2013 vitiorum
489 1952 871 2012 imitationem
898 2001 914 2025 ,
957 1954 1103 2013 inter
1135 1979 1338 2037 paucos

63 2037 428 2099 familiarium
454 2037 670 2095 Neroni
703 2035 1025 2118 adsumptus
1058 2039 1133 2096 est
1156 2087 1172 2110 ,
1222 2039 1339 2100 ele-

65 2122 262 2205 gantiae
300 2119 504 2179 arbiter
530 2166 546 2190 ,
592 2120 730 2178 dum
769 2121 912 2178 nihil
951 2145 1240 2180 amoenum
1279 2130 1337 2183 86

60 2204 237 2266 molle
260 2202 539 2262 affluentia
558 2224 712 2284 putat
730 2252 747 2276 ‚
779 2203 879 2262 nisi
899 2205 1054 2285 quod
1077 2207 1127 2264 ei
1145 2210 1337 2264 Petro-

65 2289 185 2347 nius
223 2287 636 2369 approbaviflet.
685 2287 858 2346 Unde
894 2288 1105 2347 invidia
1128 2288 1337 2370 Tigel-

67 2369 203 2442 lini,
236 2369 384 2451 quasi
412 2369 669 2430 adversus
693 2371 955 2430 aemulum
978 2418 994 2443 ‚
1027 2380 1084 2431 δε
1107 2370 1335 2430 scientia

62 2452 413 2541 voluptatum
436 2454 734 2542 potiorem.
772 2454 1158 2543 AnnangVI
1178 2502 1196 2529 ,
1242 2461 1333 2516 18.
