1660 3071
0 0 8 187 i
350 135 968 201 ΡοιῐτῙοΑ.
1186 154 1291 227 165

17 232 89 323 {in
118 232 406 315 publicum
438 235 712 317 egreffus3
743 238 913 320 idque
941 239 1120 303 velat&
1142 268 1299 328 parte

31 317 142 374 otis
166 364 182 388 ‚
224 340 294 376 ne
326 316 546 377 satiaret
582 319 861 400 aspestum
883 372 898 396 ,
938 325 1027 385 vel
1065 332 1196 409 quia
1227 329 1300 388 fic

0 428 4 460 e
30 399 282 458 decebit.
325 403 500 458 Famae
525 425 840 482 numquam
866 412 1145 490 pepercit,
1181 436 1302 474 rna-

0 474 2 545 J
27 484 162 540 titos
186 480 243 540 &
266 480 546 540 adulteros
569 507 684 541 non
712 486 1047 570 distinguens
1069 519 1081 553 ε
1111 520 1298 578 neque

59 561 245 622 ffeaestui
283 562 380 622 suo
403 611 419 636 ,
463 585 556 623 aut
592 566 778 627 alieno
820 571 1098 649 obnoxia,
1145 581 1298 641 unde

65 645 231 704 tilitas
285 648 668 709 ostenderetur
708 701 724 725 ‚
798 652 931 714 illuc
998 657 1297 724 libidinem

49 727 404 790 tansferebat.
455 731 660 797 Annal,
696 737 877 810 XIII,
916 764 1013 820 45.

13 839 283 910 Galeria
308 898 334 924 ,
385 870 553 913 uxor
609 846 912 931 Vitellii,
960 851 1235 929 Sextilia
1261 911 1286 940 ,

130 936 269 1030 ejus
316 961 559 1023 mater,
611 942 882 1014 laadatae
901 947 1185 1040 fi’minae.

98 1061 326 1122 Galeria
347 1067 705 1147 Imperatoris
728 1093 896 1143 uxot,
921 1095 1035 1131 non
1054 1075 1294 1139 immitis

45 1142 256 1204 ristibus
280 1171 292 1203 z
326 1156 383 1206 δε
409 1150 526 1229 pati
552 1151 831 1232 probitate
854 1201 870 1225 ‚
912 1170 1091 1217 mater
1113 1162 1296 1221 Vitel-

41 1228 225 1286 iorum
262 1231 488 1290 Sextilia
511 1279 527 1305 ‚
579 1235 796 1315 antiqui
832 1240 1022 1297 motis.
1076 1244 1294 1304 Dixisse

58 1311 154 1370 uin
185 1314 358 1373 etiarn
381 1364 398 1388 ‚
441 1316 513 1374 ad
537 1318 743 1399 primas
774 1319 876 1378 filii
898 1320 977 1381 sui
1001 1325 1253 1406 epistolas
1271 1376 1290 1401 ‚

42 1395 334 1473 erebatut,
372 1423 489 1458 non
532 1404 941 1463 Germanicum
980 1431 1010 1465 a
1049 1407 1143 1482 se,
1190 1411 1288 1471 sed

71 1479 312 1540 itelliutn
341 1484 617 1565 genitum.
668 1487 787 1546 Nec
816 1488 944 1548 ullis
968 1493 1155 1573 postea
1174 1493 1287 1554 fot-

40 1584 156 1621 unae
195 1564 472 1627 illecebris
499 1617 516 1642 ,
560 1591 655 1629 aut
695 1571 914 1633 ambitu
962 1576 1196 1637 civitatis
1224 1580 1285 1640 in

53 1647 283 1706 audium
316 1651 492 1711 evieh.
518 1700 535 1723 ,
578 1654 781 1714 domus
806 1655 908 1718 suae
934 1659 1157 1720 tantum
1182 1664 1284 1724 ad-

51 1729 165 1790 etsa
203 1730 381 1793 senfit.
432 1736 569 1799 Hist.
602 1740 652 1796 ΙΙ
674 1785 692 1811 ,
727 1748 821 1813 64,

54 1966 603 2047 XXXVIII.
700 1975 835 2045 FA
873 2004 926 2049 M
962 2005 986 2051 1
1023 2007 1059 2052 L
1097 2007 1229 2057 IAE.

231 2123 801 2224 Dssinguebantur
842 2137 1041 2229 cetzfit.

29 2298 65 2320 s
84 2245 391 2308 Disti11stos
420 2249 635 2311 senatus
663 2263 721 2314 δε
748 2258 1006 2338 equitum
1040 2260 1230 2320 census
1256 2308 1275 2335 ‚

44 2350 119 2392 on
161 2332 292 2410 quia
332 2333 529 2394 diversi
572 2336 805 2412 natura,
852 2339 949 2400 sed
991 2362 1051 2401 ut
1093 2344 1270 2416 IociS,

42 2409 311 2489 rdinibus,
329 2417 750 2502 dignationibus
770 2425 1044 2488 antistent.
1061 2427 1267 2489 Annal-

29 2497 94 2569 Ι,
139 2519 230 2575 33·
