1660 3071
369 103 976 170 Pori-r1cA.
1210 127 1328 195 167

46 196 352 262 familiares
406 204 612 263 nostras
662 203 752 264 hic
803 230 1145 292 augeamuS‚
1192 238 1327 278 cum

45 284 261 345 invidia
282 284 500 346 senatus
526 297 581 347 <Sc
602 289 922 371 Principum
944 340 960 366 ,
998 295 1107 357 five
1131 299 1324 369 indul-

0 379 2 394 *
45 367 217 428 serint
247 369 605 450 largitionem
628 419 646 443 ‚
688 372 797 431 five
824 375 1134 441 abnuerint.
1187 385 1322 446 Non

0 451 2 455 ⁷
46 453 203 512 enim
244 474 435 534 preces
474 451 600 511 sunt
641 455 775 514 istuc
806 504 824 528 ‚
865 456 961 518 sed
997 465 1322 549 efflagitatio

39 535 433 615 intempestiva
463 536 695 617 quidem
727 545 785 598 δέ
811 540 1106 622 improvisa
1130 597 1147 622 ,
1187 551 1321 614 cum

38 616 160 677 aliis
202 619 273 678 de
312 617 473 680 rebus
507 623 878 683 convenerint
917 648 1094 708 patres
1118 680 1135 705 ‚
1179 659 1318 695 con-

36 699 259 783 surgere
282 751 299 778 ,
342 712 399 765 &
433 727 673 765 numero
697 728 866 789 atque
894 730 1050 772 aetate
1074 714 1316 779 liberum

34 780 263 844 suorum
286 809 482 870 urgere
509 789 841 850 modestiam
869 790 1088 856 senatus
1109 847 1128 873 ,
1161 824 1319 862 eam-

38 866 174 928 dem
212 870 330 929 vim
369 872 429 930 in
468 896 562 933 me
597 874 972 939 transmittere
996 927 1014 952 ,
1059 906 1121 941 ac
1163 886 1319 948 velut

34 949 383 1037 perfringere
408 958 660 1017 aerarium
687 983 698 1017 ε
740 961 898 1041 quod
931 962 971 1022 fi
999 966 1314 1032 ambitione

33 1035 448 1099 exhauserimus
482 1089 500 1113 ‚
550 1065 651 1125 per
693 1041 899 1105 scelera
940 1047 1317 1133 supplendum

32 1119 156 1180 erit.
191 1122 374 1182 Dedit
393 1124 528 1197 tibi,
557 1127 792 1188 Hortale
808 1177 825 1202 ‚
851 1131 1010 1192 clivus
1033 1135 1314 1218 Augustus

31 1205 327 1284 pecuniam
350 1255 368 1280 ‚
407 1205 503 1268 secl
525 1233 642 1269 non
672 1214 1041 1296 compellatus
1059 1266 1076 1290 ,
1114 1242 1218 1280 nec
1243 1223 1309 1283 ea

28 1285 155 1370 lege
174 1310 236 1349 ut
251 1289 469 1374 semper
486 1293 709 1355 claretur
727 1321 738 1355 :
758 1297 1078 1382 languescet
1098 1303 1312 1387 alioqui

25 1369 289 1434 industria
312 1423 331 1449 ,
372 1378 698 1440 intendetur
726 1380 981 1444 socordia
1002 1432 1019 1458 ‚
1057 1385 1095 1446 fi
1121 1390 1308 1451 nullus

26 1477 94 1514 ex
121 1454 177 1516 se
211 1481 395 1520 metus
420 1509 437 1534 ‚
478 1484 575 1524 aut
596 1464 755 1548 spes;
798 1475 856 1527 ὃς
891 1466 1069 1530 securi
1103 1495 1305 1536 omnes

25 1536 204 1599 aliena
227 1541 465 1606 subsidia
487 1548 883 1631 exspectabunt
899 1603 916 1627 ‚
957 1552 1059 1613 fibi
1076 1555 1266 1638 ignavi
1286 1608 1306 1633 ‚

25 1622 187 1683 nobis
240 1650 448 1709 graves,
478 1676 491 1689 .
525 1677 538 1690 .
606 1639 726 1693 Haec
776 1641 894 1694 cz>m
957 1639 1200 1719 respondi
1249 1666 1304 1703 et

26 1711 256 1767 Hortalo
279 1756 303 1781 ,
356 1717 566 1773 addidit
614 1721 853 1778 Tiberius
878 1764 904 1790 ,
955 1723 1210 1784 ceterum
1257 1727 1298 1786 fi

63 1792 269 1852 atribus
305 1796 627 1873 videretur,
673 1800 936 1864 daturum
973 1805 1162 1868 liberis
1192 1809 1300 1869 du·-

34 1896 158 1937 >ena
202 1874 443 1938 sestertia
481 1881 708 1964 fingulis
729 1932 746 1956 ,
788 1888 888 1967 qui
923 1886 1076 1948 sexus
1124 1893 1299 1954 virilis

55 1955 210 2018 ffenr.
253 1961 430 2044 Egere
453 1963 548 2022 alii
573 1988 753 2049 grates
774 1992 790 2046 3
823 1967 970 2030 filuit
993 1975 1258 2035 Hortalus
1275 2025 1296 2051 ,

59 2063 221 2104 avore
246 2091 265 2118 ‚
311 2071 383 2106 an
412 2049 569 2109 avitae
595 2052 906 2114 nobilitatis
941 2056 1114 2116 etiam
1147 2059 1295 2120 inter

11 2154 14 2156 ’
93 2128 286 2209 gustias
306 2129 542 2193 fortunae
564 2135 840 2198 retinens:
864 2161 1050 2222 neque
1067 2142 1298 2204 misera-

45 2232 105 2270 ns
127 2213 202 2270 est
224 2216 446 2296 posthac
468 2219 732 2280 Tiberius
752 2269 768 2294 ,
801 2226 1058 2304 quamvis
1085 2225 1293 2289 domus

76 2296 299 2357 ottenfii
322 2301 651 2383 pudendam
683 2306 754 2367 ad
776 2307 1025 2392 inopiam
1056 2309 1290 2375 delabe-

49 2397 187 2440 etur.
220 2380 425 2445 Annal.
447 2389 496 2447 II
513 2434 533 2463 ‚
574 2395 666 2466 38.
