1660 3071
401 89 1010 148 POLIT1cA'2
1231 109 1345 168 157

73 212 391 295 Militaris
422 218 818 286 *educationis
859 217 1167 315 egregium
1182 217 1338 314 spe-

369 314 570 381 cimen
614 315 683 380 in
725 314 1055 408 Agricolcf.

153 447 341 508 Prima
368 449 668 505 castrorum
696 447 1015 508 rudimenta
1038 451 1097 509 in
1121 450 1344 510 Britan·-

70 530 165 590 nia
185 531 451 589 Suetonio
476 531 729 588 paullino
754 531 1015 612 diligenti
1041 558 1100 592 ac
1133 535 1344 594 mode-

71 635 192 673 rato
215 613 344 672 duci
366 614 717 695 approbavit,
747 613 952 673 electus
970 662 987 687 ,
1010 639 1183 695 quem
1209 641 1347 676 con-

71 697 332 757 tubernio
355 700 659 757 aestimaret.
677 699 798 757 Nec
822 698 1088 781 Agricola
1111 700 1346 760 licenter

70 804 232 841 more
250 788 522 861 juvenum
539 829 556 854 ‚
582 782 680 862 qui
699 781 964 841 militiam
986 784 1046 842 in
1067 781 1348 843 lasciviam

70 885 296 925 vertunt
316 910 334 935 ‚
377 887 561 947 neque
585 865 826 948 segniter
855 866 926 925 ad
952 867 1263 950 voluptates
1287 875 1348 927 ἃ

71 968 421 1008 commeatus
466 949 696 1008 titulum
736 948 1046 1010 tribunatus
1093 961 1150 1011 &
1187 949 1350 1010 insci-

74 1033 216 1092 tiam
260 1032 448 1092 retulit
482 1057 493 1090 :
542 1031 638 1092 sed
690 1033 915 1095 noscere
956 1035 1303 1118 provinciam
1327 1081 1347 1107 ,

72 1114 227 1176 nosci
262 1116 522 1175 exercitui
550 1163 567 1188 ,
616 1116 825 1178 discere
860 1144 890 1178 a
926 1120 1115 1200 peritis
1136 1167 1153 1192 ,
1193 1117 1350 1199 sequi

72 1199 317 1282 optimos
336 1246 352 1270 ,
382 1198 524 1257 nihil
553 1222 812 1283 appetere
838 1203 1172 1282 jactatione:
1204 1200 1348 1260 nihil

69 1284 144 1342 ob
167 1280 539 1342 formidinem
561 1284 835 1357 recusare,
857 1284 1133 1367 simulque
1155 1285 1348 1347 anxius

68 1374 130 1428 δε
155 1366 400 1427 intentus
433 1389 614 1449 agere.
668 1369 790 1431 Vit.
816 1368 1008 1452 Agric.
1027 1372 1103 1432 V.

67 1491 576 1588 Philosophiae,
634 1494 704 1564 in
750 1493 1051 1565 Helvidio
1102 1494 1349 1590 ΡΓζῙὲοὲ

161 1620 443 1676 Helvidius
504 1618 725 1694 Priscus
785 1619 1081 1702 ingenium
1141 1620 1350 1683 illustre

73 1698 368 1760 altioribus
389 1700 578 1759 studiis
595 1703 810 1782 juvenis
828 1704 1143 1764 admodum
1160 1705 1347 1765 dedit:

74 1807 192 1842 non
218 1830 235 1855 ,
273 1803 335 1842 ut
361 1783 617 1866 plerique
640 1833 657 1858 ‚
694 1807 755 1845 ut
781 1788 1017 1847 nomine
1047 1788 1351 1870 magnifico

71 1865 240 1949 segne
263 1867 446 1925 otium
471 1868 680 1926 velaret
702 1915 720 1939 ,
752 1868 848 1926 sed
873 1872 986 1948 quo
1009 1870 1224 1927 firmior
1247 1871 1353 1930 ad-

70 1950 258 2011 versus
300 1948 531 2010 fortuita
576 1948 988 2032 rempublicam
1032 1951 1348 2035 capesseret,

72 2035 209 2097 nist.
235 2036 340 2107 iv,
384 2058 433 2115 ς.

68 2159 362 2250 'Forenfis
375 2216 402 2243 ,
429 2160 498 2229 in
498 2157 741 2254 juvene
766 2182 1010 2232 oratore
1030 2161 1354 2233 Romano:

158 2287 331 2371 Apud
355 2294 594 2368 majores
617 2285 826 2342 nostros
849 2286 1062 2364 juvenis
1085 2284 1183 2346 ille
1200 2333 1217 2358 ,
1256 2286 1354 2366 qui

76 2365 202 2427 foro
247 2380 306 2431 δε
353 2367 686 2452 eloquentiae
729 2368 1062 2449 parabatur,
1101 2369 1354 2428 imbutus

76 2457 193 2533 jam
208 2452 512 2514 >domestica
526 2450 816 2534 disciplina
828 2499 845 2524 ,
862 2451 1096 2514 refertus
1111 2452 1354 2511 honestis

78 2535 267 2598 studiis
290 2584 308 2612 ‚
350 2536 730 2600 deducebatur
753 2560 784 2596 a
813 2557 969 2620 patre
993 2586 1012 2615 ‚
1054 2536 1145 2599 vel
1170 2559 1201 2595 a
1224 2556 1356 2618 pro-2
1389 2586 1394 2590 .
