1660 3071
380 85 989 148 P0L1T10A.
1112 97 1337 162 —173'

65 186 213 251 tibus
232 236 248 262 ,
280 188 429 248 foeda
456 186 690 271 pueritia
711 234 727 259 ,
760 181 1042 268 impudica
1080 181 1296 242 senecta
1318 223 1336 254 3

28 278 30 294 ¹
67 273 448 355 praefecturam
475 270 711 352 vigilum
739 279 795 329 &
823 268 1060 349 praetorii
1085 313 1102 338 ‚
1148 274 1204 326 δε
1233 265 1338 323 alia

64 357 288 437 praemia
305 354 577 411 virtutum
598 400 614 423 ,
638 353 767 428 quia
787 351 1029 409 velocius
1056 370 1170 409 erat
1190 349 1341 407 vitiis

65 437 328 515 adeptuS‚
363 430 753 490 crudelitatem
780 455 942 503 mox,
980 433 1186 491 deinde
1212 444 1344 490 ava-

64 517 292 585 ritiam,
336 523 393 574 &
427 512 609 571 virilia
650 512 851 572 scelera
891 516 1175 573 exercuit:
1219 537 1342 574 cor-2

64 618 229 680 rupto
252 596 322 654 ad
346 618 519 655 omne
554 593 766 655 facinus
789 598 1017 656 Nerone
1035 644 1052 668 ,
1086 598 1343 675 quaedam

63 681 259 762 ignaro
283 678 436 738 ausus
459 726 475 751 ‚
504 703 564 737 ac
586 681 865 762 postremo
888 679 1139 759 ejusdem
1164 678 1346 738 deser-

66 784 153 824 tor
183 787 244 822 ac
281 763 550 844 proditor.
607 762 779 821 Unde
819 785 934 821 non
964 762 1137 821 alium
1171 763 1347 843 perti-

64 846 254 906 nacius
307 846 375 904 ad
427 868 651 925 poenam
699 846 1018 929 flagitavere
1054 893 1071 917 ‚
1128 843 1348 903 diverso

68 928 305 1001 affeCiu,
360 929 562 1010 quibus
605 928 803 988 odium
840 929 1079 989 Neronis
1124 929 1304 987 inerat
1330 975 1350 1000 ‚

69 1021 129 1074 &
153 1012 354 1094 quibus
384 1012 739 1072 desiderium.
794 1013 965 1094 Apud
995 1010 1239 1070 Galbam
1272 1013 1348 1068 T.

66 1097 229 1158 Vinii
264 1095 516 1178 potentia
551 1095 843 1168 defensus,
874 1096 1221 1179 praetexentis
1245 1092 1351 1153 ser-

67 1195 254 1238 vatam
281 1179 351 1237 ab
377 1202 448 1238 eo·
471 1178 648 1237 filiam
672 1204 685 1236 ε
721 1190 777 1240 &
800 1179 952 1237 haud
977 1179 1146 1237 dubie
1169 1176 1350 1237 serva—

65 1284 219 1322 verat
241 1311 258 1335 ,
306 1286 424 1321 non
449 1261 750 1322 clementia
793 1266 809 1338 (
836 1266 1044 1345 quippe
1069 1282 1153 1320 tot
1179 1262 1351 1320 inter⁴

66 1343 226 1420 fe6kis
247 1351 264 1423 )
307 1345 403 1405 sed
428 1344 637 1428 effugio
660 1347 718 1404 in
742 1344 994 1405 futurum
1016 1370 1033 1422 3
1075 1344 1206 1426 quia
1227 1341 1352 1425 pes-

67 1427 236 1488 simus
281 1428 514 1510 quisque
554 1478 570 1499 ,
631 1427 946 1487 diffidentia
996 1427 1353 1509 praesentium

67 1511 449 1573 mutationem
480 1533 682 1592 pavens
708 1559 724 1582 ,
766 1509 1026 1570 adversus
1056 1508 1354 1591 publicum

69 1594 299 1666 odium,
324 1595 598 1674 privatam
620 1594 857 1674 gratiam
883 1615 1174 1677 praeparat:
1198 1593 1353 1653 unde

0 1745 2 1755 ‚
70 1675 224 1736 nulla
264 1677 598 1734 innocentiae
631 1700 760 1735 cura
782 1725 801 1749 ‚
847 1676 943 1736 sed
981 1679 1125 1737 vices
1162 1677 1355 1758 impu-

0 1757 2 1827 ζ
71 1760 277 1823 nitatis,
330 1761 411 1818 Eo
442 1757 709 1817 infenfior
743 1760 1017 1842 populus,
1057 1759 1249 1817 addita
1280 1758 1355 1819 ad

0 1866 1 1874 ¹
69 1862 227 1903 vetus
270 1840 547 1922 Tigellini
588 1842 787 1899 odium
833 1844 1043 1902 recenti
1083 1844 1156 1900 T.
1186 1842 1356 1902 Vinii

70 1922 284 1986 invidia
310 1970 326 1995 ,
374 1945 704 1983 concurrere
735 1946 765 1982 e
793 1924 910 1983 tota
932 1924 1091 1983 Urbe
1118 1925 1178 1981 in
1205 1924 1356 2004 pala-

71 2009 216 2069 tium
239 2031 298 2066 ac
324 2004 476 2081 fora,
513 2016 570 2068 &
598 2007 696 2066 ubi
727 2005 965 2090 plutima
995 2006 1150 2087 vulgi
1182 2006 1356 2066 licen-

73 2092 150 2152 tia
169 2140 185 2163 ‚
220 2091 280 2149 in
301 2090 513 2150 circum
535 2113 597 2149 ac
621 2091 837 2150 theatra
860 2090 1011 2151 effufi
1032 2139 1048 2162 ‚
1080 2089 1354 2151 seditiosis

73 2174 302 2237 vocibus
353 2174 667 2254 obstrepere
697 2200 709 2233 t
758 2175 940 2235 donec
989 2173 1309 2256 Tigellinus
1337 2222 1354 2248 ‚

73 2276 303 2338 accepto
336 2257 483 2339 apud
515 2255 857 2317 Sinueffanas
889 2281 1057 2339 aquas
1084 2257 1354 2340 supremae

77 2340 400 2400 neceffitatis
435 2341 639 2400 nuntio
658 2389 673 2413 ,
712 2342 858 2402 inter
890 2344 1068 2425 stupra
1091 2340 1353 2401 concubi-

78 2445 276 2482 narum
296 2471 313 2495 ‚
348 2431 406 2483 &
436 2423 620 2483 oscula
640 2473 656 2497 ,
698 2434 754 2485 &
788 2424 1075 2486 deformes
1123 2447 1308 2484 moras
1333 2441 1357 2496 ,“

79 2503 235 2567 sestis
257 2507 525 2570 novacula
549 2506 800 2572 faucibus
817 2558 836 2586 ‚
869 2508 1149 2571 infamem
1172 2508 1350 2568 vitam

997 2595 1057 2653 H
1098 2593 1158 2672 115
