1642 3125
185 151 257 190 12.
375 121 450 180 C.
499 119 939 181 CORNELII
987 123 1289 184 TAcx‘rx

179 237 282 314 pro
301 221 465 283 nobis
483 220 673 280 utilius
690 267 708 295 ,
725 219 899 300 quam
916 220 1070 301 quod
1091 221 1150 281 in
1169 246 1486 286 commune·

180 335 300 375 non
351 303 656 365 consulant.
740 306 917 365 Rarus
968 305 1182 367 duabus
1234 307 1480 372 tribusve

190 389 513 456 civitatibus
562 390 632 449 ad
683 388 1125 474 propulsandum
1169 416 1480 454 commune

185 473 503 565 periculum
555 497 863 535 conventus
902 500 913 532 :
970 476 1048 534 ita
1093 477 1234 536 dum
1278 477 1480 560 finguli

186 579 441 647 pugnant
459 607 475 630 ,
516 559 755 620 universi
785 561 1099 621 vincuntur.
1126 562 1251 622 Vir.
1277 563 1475 645 Agric.

189 650 324 710 XII.

280 730 706 792 Periculofiores
743 728 869 789 sunt
897 728 1210 788 inimicitiae
1239 736 1390 809 juxta
1418 728 1491 789 li·

193 816 490 878 bertatem.
534 819 630 878 De
653 818 809 876 Mor.
843 817 1115 873 German.
1138 816 1301 874 XXI.

355 930 656 1000 Audacia
705 929 1020 998 libertatis
1055 926 1324 1023 placita.

279 1043 597 1118 Quomodo
653 1040 842 1100 lucem
898 1040 1170 1121 diemque
1221 1041 1493 1103 omnibus

198 1127 528 1187 hominibus
547 1175 562 1198 ,
586 1126 663 1184 ita
685 1147 886 1184 omnes
905 1145 1074 1184 terras
1099 1122 1339 1186 fortibus
1360 1119 1493 1187 viris

200 1233 396 1272 natura
423 1210 656 1294 aperuit.
703 1209 840 1267 Hist.
867 1210 973 1280 IV,
1005 1217 1099 1284 64.

283 1295 456 1354 Sicuti
509 1292 707 1352 caelum
749 1293 854 1351 diis
890 1340 906 1364 ,
954 1293 1033 1351 ita
1081 1314 1251 1352 terras
1299 1290 1494 1375 generi

201 1378 537 1438 mortalium
589 1377 784 1436 datas:
838 1398 1073 1458 quaeque
1129 1400 1355 1452 vacuae,
1405 1399 1494 1437 eas

203 1463 455 1546 publicas
486 1460 611 1522 effe.
658 1460 871 1521 Annal.
902 1462 1047 1519 XIII
1070 1507 1088 1533 ,
1130 1485 1223 1542 55.

203 1577 511 1674 Flagitiis
547 1601 782 1672 quoque
815 1575 1075 1645 libertas
1118 1572 1500 1645 obtenditur,

290 1698 550 1758 Libertas
579 1708 635 1758 &
657 1695 900 1780 speciosa
925 1697 1162 1754 nomina
1186 1714 1499 1777 praetexun-

206 1804 295 1843 tur
321 1806 333 1839 t
373 1804 476 1840 nec
507 1781 805 1862 quisquam
840 1778 1090 1839 alienum
1116 1778 1408 1836 servitium
1441 1786 1497 1838 &

209 1865 671 1926 dominationem
713 1864 812 1918 fibi
856 1860 1178 1940 concupivit
1205 1907 1220 1930 ,
1273 1881 1333 1919 ut
1380 1857 1500 1921 non

207 1948 410 2012 eadem
428 1948 522 2005 ista
542 1943 813 2005 vocabula
832 1941 1130 2025 usurparet.
1148 1944 1433 2019 Hist.lV‚7
1448 1969 1469 2019 3
1483 1989 1504 2003 .

189 2052 191 2055 ·
291 2030 445 2090 Falso
480 2029 751 2090 libertatis
778 2027 1117 2090 vocabulum
1150 2027 1389 2087 obtendi
1427 2028 1500 2087 ab

207 2116 274 2176 iis
292 2164 308 2188 ,
336 2115 433 2196 qui
458 2115 722 2197 privatim
753 2114 1060 2196 degeneres
1078 2162 1093 2186 ‚
1128 2112 1186 2171 in
1208 2112 1499 2193 publicum

210 2197 464 2272 exitiosi,
509 2198 651 2257 nihil
699 2197 854 2282 spei,
906 2196 1007 2256 nisi
1053 2220 1150 2282 per
1199 2195 1501 2256 discordias

212 2284 475 2345 habeant.
520 2282 877 2354 Annal.X1‚
925 2306 1013 2357 17.

295 2371 378 2427 Ut
438 2368 742 2450 imperium
798 2387 1051 2427 evertant
1091 2414 1106 2439 ‚
1178 2363 1500 2424 libertatem

215 2450 514 2535 praeferunt
554 2478 565 2511 ε
616 2452 651 2511 fi
703 2451 1073 2536 perverterint
1102 2498 1118 2523 ‚
1175 2448 1496 2508 libertatem

215 2535 395 2620 ipsam
433 2537 848 2623 aggredientur.
896 2534 1323 2621 Annal.XV1.,4
1357 2556 1452 2593 22.
