1642 3125
154 154 232 212 '18
328 153 402 211 C.
454 150 906 210 CORNELH
963 143 1262 208 TAciTt

157 250 442 311 laudando
488 268 777 332 promptos
810 293 827 318 ,
886 254 944 306 δε
992 247 1308 330 castigando
1349 249 1428 312 se-

160 358 296 418 gnes
337 356 353 391 2
405 335 481 389 ita
517 332 744 386 honoris
779 330 1058 390 aemulatio
1093 355 1194 412 pro
1218 334 1435 391 neceffi-

160 439 273 478 tate
322 434 452 474 erat.
501 413 629 477 Jam
666 414 798 473 vero
821 413 1137 495 principum
1171 413 1313 472 filios
1364 413 1433 472 li-

160 498 440 561 beralibus
499 496 707 556 artibus
762 497 981 556 erudire
1006 546 1023 568 ‚
1092 505 1150 556 δε
1210 498 1439 579 ingenia

162 585 559 645 Britannorum
587 582 774 641 studiis
797 581 1093 640 Gallorum
1124 580 1401 641 anteferre
1419 629 1439 655 ,

162 689 225 727 ut
259 668 357 748 qui
391 667 566 725 modo
600 666 852 747 linguam
879 667 1201 724 Romanam
1228 664 1442 724 abnue·-

163 752 300 811 bant
321 798 337 822 ,
369 749 753 829 eloquentiam
791 748 1271 831 concupiscerent:
1309 748 1445 809 inde

165 836 339 896 etiam
375 831 594 892 habitus
627 834 794 891 nostri
829 834 1011 893 honor
1034 882 1050 906 ‚
1091 842 1147 893 &
1182 831 1444 912 frequens

167 940 298 1001 toga
324 943 336 975 z
379 917 783 999 paullatimque
816 915 1108 976 discessum
1139 917 1209 976 acl
1238 915 1444 976 delini-

169 1023 362 1063 menta
384 1002 650 1060 vitiorum
673 1050 690 1074 ,
723 1002 967 1084 porticus
983 1049 999 1072 ‚
1035 1009 1092 1060 δε
1115 1000 1314 1060 balnea
1335 1048 1352 1072 ,
1386 1009 1446 1061 δε

168 1086 559 1145 conviviorum
581 1085 920 1168 elegantiam
940 1109 953 1142 :
973 1084 1146 1164 idque
1166 1083 1314 1187 apud
1338 1084 1446 1141 im-

166 1172 375 1254 peritos
410 1170 728 1229 humanitas
768 1167 1070 1227 vocabatur
1097 1215 1115 1240 ,
1159 1192 1288 1227 cum
1328 1189 1454 1251 pars,

169 1252 446 1316 servitutis
485 1251 636 1313 effet.
687 1252 811 1315 Vit.
845 1252 1037 1335 Agric.
1071 1253 1235 1312 XXI.

371 1380 683 1450 Utebcztur
731 1381 789 1448 6>
830 1378 1262 1474 religionibus,

265 1510 333 1564 In
364 1507 662 1563 Britannici
707 1503 988 1586 templum
1026 1503 1158 1562 divo
1203 1500 1450 1563 Claudio

175 1589 538 1665 constitutum
566 1636 581 1661 ‚
631 1586 780 1669 quasi
814 1610 906 1646 arx
940 1608 1151 1647 aeternae
1188 1585 1456 1645 domina-

176 1661 349 1732 tionis⁷
367 1671 729 1756 aspiciebatur
749 1695 766 1752 3
789 1670 1104 1751 delectique
1123 1668 1462 1743 sacerdote3‚'

175 1754 356 1838 specie
393 1755 679 1837 religionis
706 1803 721 1827 ,
767 1778 965 1815 omnes
994 1755 1244 1815 fortunas
1275 1750 1461 1821 effun÷

110 1871 111 1874 ¹
179 1838 406 1901 debant.
445 1839 654 1899 Annal.
685 1840 853 1909 XIV,
886 1862 977 1914 31.

537 1960 825 2057 Regibus
870 1984 1124 2057 quoque.

269 2087 454 2148 Vetus
490 2108 554 2144 ac
589 2092 703 2161 jam
742 2085 966 2167 pridem
1005 2110 1227 2172 recepta
1265 2092 1461 2174 populi

181 2170 430 2231 Romani
461 2167 806 2229 consuetudo
831 2218 847 2243 ‚
894 2192 955 2230 ut
990 2172 1223 2233 haberet
1261 2176 1459 2235 instru-

183 2273 377 2314 menta
393 2251 667 2312 servitutis
685 2261 743 2314 ὃς
760 2276 934 2336 reges.
950 2257 1073 2317 Vit.
1088 2257 1281 2340 Agric.
1296 2260 1459 2322 XIV.

186 2376 386 2451 sadis
446 2379 726 2448 odiorum
762 2380 1116 2473 seminibus
1175 2383 1460 2462 contine-5

376 2473 607 2545 buntur
657 2475 986 2571 longinqui
1020 2479 1267 2572 populi.

278 2589 502 2652 Semina
543 2598 717 2654 etiam
756 2595 1022 2653 odiorum
1064 2590 1359 2673 jacienda,
1399 2614 1470 2678 urg
