1623 3087
283 161 547 218 INDEX
618 135 1126 206 Vniznoauir.

100 374 122 417 3
144 394 160 417 ‚
194 366 265 413 69.
304 359 351 402 in
385 350 583 409 periculo
615 361 700 400 pa-

98 417 195 462 vidi
211 451 223 466 ,
251 429 354 461 ante
374 408 614 457 discrimen
631 400 700 446 fe-

99 491 227 520 roces
244 476 306 519 H.
334 488 352 516 1
372 503 386 526 ‚
409 470 477 512 68.
500 461 700 519 pericula

96 534 315 589 pauciora
350 519 569 572 mediocri
605 517 701 562 for-

99 607 212 638 tuna
228 593 379 645 14,60.
397 579 700 639 periculorum

96 648 243 695 avidae
277 656 436 704 gentes
468 642 701 683 Germanae

100 709 161 753 H.
204 721 264 763 5,
306 718 372 756 19.
411 693 701 743 remedium,

98 763 193 820 ipsa
231 758 428 819 pericula
470 769 514 799 11
552 786 569 808 ‚
626 754 698 794 26.

101 822 301 879 pericula
355 815 425 861 cui
484 808 699 857 instruere

107 897 190 935 14,
231 894 299 925 11.
332 873 476 921 facere
511 874 560 915 16
585 900 597 917 ‚
634 880 702 919 19.

99 936 311 995 periculis
352 925 702 978 commendatus

108 1013 155 1042 12
174 1030 182 1044 ‚
207 1000 277 1040 26.
293 986 582 1052 gliscentibus
600 979 705 1027 sub..-

103 1054 205 1100 sidii
222 1055 319 1099 laus
341 1059 529 1113 augetur
547 1055 615 1100 15,
632 1055 701 1107 Io.

103 1128 199 1158 non
228 1124 324 1156 tam
357 1117 552 1162 praemus
585 1114 708 1156 peri-

104 1171 309 1216 culorum
323 1199 334 1215 ‚
356 1177 490 1220 quam
509 1158 613 1216 ipsis
633 1172 709 1212 pe·-

105 1227 258 1274 riculis
285 1227 413 1270 laetus
435 1221 495 1266 H.
522 1235 545 1263 2
566 1250 578 1265 ‚
606 1219 677 1260 86.

46 1283 332 1332 Peridoneus
348 1277 549 1326 consiliis
565 1290 593 1330 4
608 1307 619 1322 ,
638 1289 707 1318 12.

47 1342 246 1391 Perinde
273 1358 290 1388 1
310 1375 324 1398 ‚
350 1353 419 1396 13.
445 1350 526 1393 15,
549 1337 619 1391 36.
642 1331 706 1377 H.

106 1420 131 1448 2
153 1436 166 1452 ‚
198 1416 270 1455 97.
297 1396 418 1444 haud
442 1389 630 1449 perinde
650 1404 678 1442 4
696 1420 708 1437 ‚

105 1467 180 1507 61.
215 1475 264 1503 12
283 1490 296 1508 ,
318 1473 392 1511 40.
425 1453 489 1497 G.
510 1464 552 1506 5.
584 1449 710 1493 cele-

0 1570 1 1574 ,
107 1519 244 1565 brisz
266 1551 282 1573 ,
317 1517 389 1560 88.
427 1506 617 1566 perinde
655 1521 710 1551 ac

6 1569 592 1648 ''13,16.acs13‚5o.
628 1580 709 1612 12,

113 1651 180 1683 12.
210 1647 289 1688 14,
313 1645 386 1684 41.
414 1629 465 1673 in
492 1625 591 1671 foro
611 1658 622 1672 ‚
661 1622 710 1666 in

108 1692 328 1740 convivio
370 1692 396 1733 6
429 1719 441 1735 ‚
487 1700 530 1739 7.
571 1695 710 1738 quam

105 1762 167 1809 4,
194 1767 266 1796 20.
306 1761 389 1805 13,
418 1759 491 1799 49.
524 1755 607 1799 15,
635 1754 708 1785 21.

104 1807 229 1856 haud
247 1821 340 1863 per.
360 1816 496 1860 quam
516 1817 540 1846 2
556 1832 568 1848 ‚
590 1811 630 1856 ς.
655 1814 679 1841 2
696 1830 709 1846 ,

111 1884 181 1922 19·
220 1877 405 1924 15‚44-
445 1860 507 1905 H·
541 1873 598 1913 4.
635 1870 709 1909 49·

107 1943 205 1971 non
239 1939 333 1980 per.
367 1934 504 1975 quarn
541 1922 567 1961 6
589 1948 603 1971 ,
637 1919 710 1967 46.

109 1987 173 2032 H.
198 2002 253 2040 2,
279 1994 351 2040 35.
384 1993 478 2034 per.
506 1972 633 2029 quasi
657 1988 712 2030 4,

110 2054 182 2089 22.
211 2054 256 2097 13
281 2074 295 2097 ‚
325 2053 397 2092 47.
428 2034 470 2081 se
494 2047 631 2089 quam
654 2036 680 2075 6
701 2063 713 2079 ,

113 2116 182 2161 30.
221 2098 288 2154 si,
325 2101 371 2141 &
412 2092 491 2140 ubi
525 2105 598 2144 4,
641 2104 711 2143 17.

109 2154 428 2206 aestimandum
447 2184 461 2209 ‚
497 2164 636 2205 quam
660 2163 678 2192 1
700 2179 711 2194 2

109 2233 180 2275 73-
215 2215 484 2261 attolluntur
514 2206 714 2263 periti&

109 2272 312 2331 imperiti
337 2271 401 2315 H.
426 2281 469 2326 5,
491 2271 533 2312 6.
555 2262 714 2309 haberi

111 2349 251 2392 quam
280 2348 303 2375 2
329 2362 340 2378 ‚
374 2341 443 2381 14.
477 2321 714 2370 metuendi

114 2410 137 2438 2
158 2426 169 2441 ‚
199 2398 271 2447 63.
305 2401 477 2433 nomen
506 2398 559 2427 ac
591 2380 716 2425 bona

113 2450 177 2497 G.
199 2455 271 2494 26.
307 2444 473 2502 insigni
507 2438 683 2486 familia
702 2471 715 2488 ,

112 2526 166 2554 ac
182 2503 370 2563 perinde
387 2500 550 2559 opibus
567 2504 592 2543 6
608 2531 619 2547 ‚
642 2510 714 2554 31.

113 2583 207 2624 per.
245 2562 396 2619 pravis
433 2566 478 2605 &
512 2554 714 2603 honestis

115 2642 140 2674 2
159 2659 174 2683 ,
200 2641 243 2670 2.
272 2617 483 2669 secundis
504 2612 719 2664 adverfis·

94 243 278 291 summae
318 241 379 285 rei
418 236 481 281 H.
521 247 583 287 4,
624 242 698 281 71.

97 304 234 359 peric,
267 297 399 356 pauci
423 294 605 339 sumunt
632 286 696 332 H.

3 1053 7 1132 ἐ

4 1134 7 1176 Ι

1284 133 1354 188 41
1375 133 1398 187 5·

799 233 886 275 que
926 228 1022 271 per.
1063 198 1406 264 accendebatur

798 277 864 322 H.
898 290 926 328 4
952 305 968 327 ,
1013 272 1086 328 36.
1133 278 1229 320 per.
1274 255 1407 301 dives

803 341 848 381 &
875 325 1140 387 eloquentia
1163 322 1310 382 claruq
1341 312 1411 376 H:

768 431 773 436 .
802 410 846 449 4,
862 406 934 448 43.
954 403 1038 434 nec
1054 399 1149 441 per.
1163 374 1409 432 dijudicari

801 447 983 507 potest,
1017 441 1128 499 quid
1179 436 1410 493 optimum

801 508 928 554 faetu
962 503 1097 550 fuerit
1115 534 1128 550 ‚
1159 509 1298 554 quam
1315 496 1410 536 &c-

802 568 865 611 H.
893 582 916 610 2
936 598 951 621 ,
982 577 1054 620 39.

745 623 924 670 Peritus
974 617 1156 665 citharae
1185 645 1198 662 ‚
1245 619 1411 672 *cantus

802 684 865 727 H.
885 698 943 748 2,
975 681 1019 724 8.
1058 670 1243 727 obsequi
1274 667 1337 713 A.
1364 667 1413 732 8.

802 755 938 795 regiae
961 751 1006 782 11
1030 768 1045 790 ‚
1078 748 1150 785 29.
1175 742 1321 773 rerum
1344 739 1412 767 ci-

802 800 965 843 vilium
997 793 1061 838 H.
1093 808 1115 835 2
1146 823 1161 845 ‚
1200 800 1241 843 5.
1277 779 1417 839 periti

805 856 868 902 A.
895 871 966 900 22.
989 846 1236 897 caelestium
1256 857 1307 895 4,
1335 841 1415 896 58.

806 911 1141 972 cogitationum
1216 902 1277 947 A.
1335 912 1418 951 42.

806 970 950 1018 nandi
969 969 1031 1014 H.
1053 980 1104 1023 ς,
1126 968 1168 1009 6.
1190 961 1256 1006 H.
1274 972 1318 1016 5,
1340 966 1420 1012 15.

808 1049 835 1077 a
870 1027 1025 1086 peritis
1063 1021 1230 1069 discere
1266 1017 1332 1062 A.
1369 1026 1419 1071 ς.

807 1089 996 1146 peritior
1013 1077 1234 1139 arguendi
1251 1089 1320 1133 15,
1340 1076 1420 1130 56.

751 1148 975 1195 Perlicere
1020 1155 1183 1187 necem
1212 1171 1228 1194 ‚
1284 1146 1418 1189 arma

816 1221 863 1263 13
891 1240 906 1266 2
937 1206 1012 1259 48.

751 1263 1025 1312 Perlustrare
1044 1255 1210 1303 cuneta
1226 1252 1290 1297 H.
1308 1267 1352 1307 2,
1373 1261 1422 1296 1.“

810 1335 946 1378 caput
976 1322 1100 1374 cujus
1126 1313 1270 1359 oculis
1298 1304 1418 1354 insa-

811 1379 1047 1426 tiabilibus
1078 1374 1143 1419 H.
1171 1388 1189 1417 1
1209 1404 1224 1424 ,
1261 1383 1335 1422 44.

752 1439 1022 1487 Permittere
1046 1432 1142 1478 fato
1174 1426 1420 1474 confilium

813 1504 868 1547 6,
904 1501 976 1551 46.
1012 1491 1204 1538 fortunae
1243 1485 1419 1531 bellum

810 1557 875 1601 H.
901 1570 956 1613 3,
989 1557 1061 1598 60.
1108 1547 1192 1594 fibi
1221 1542 1421 1601 populus

810 1616 910 1671 plus
954 1610 1143 1657 occultae
1188 1604 1316 1649 vocis
1366 1600 1421 1646 in

811 1671 1060 1729 principem
1074 1662 1270 1723 permifit
1286 1676 1328 1719 3,
1345 1675 1364 1704 1
1377 1674 1422 1709 1,

811 1731 1076 1788 permittere
1089 1723 1161 1769 cui
1175 1719 1422 1768 arbitrium

812 1791 877 1836 H.
896 1805 914 1834 1
934 1822 946 1838 ‚
973 1803 1040 1832 12.
1070 1783 1230 1829 mortis
1251 1793 1322 1835 15,
1343 1782 1423 1822 60.

815 1849 1014 1895 liberum
1053 1859 1101 1888 11
1125 1874 1137 1891 ‚
1172 1853 1213 1896 3.
1248 1837 1424 1883 bellum

816 1923 872 1963 4,
900 1920 974 1961 74.
1003 1911 1199 1947 mortem
1221 1896 1313 1942 fine
1343 1909 1424 1938 ar-

817 1966 938 2011 bitro
976 1967 1028 2008 16
1056 1994 1072 2017 ,
1121 1972 1189 2004 11.
1240 1951 1424 2000 cunetis

814 2023 1005 2070 verbera
1025 2035 1043 2064 1
1062 2052 1076 2075 ‚
1104 2021 1176 2061 26.
1204 2012 1339 2070 jurari
1364 2026 1383 2055 1
1405 2042 1426 2064 ‚

815 2099 888 2137 72.
934 2079 1029 2136 rapi
1063 2077 1128 2121 H.
1159 2087 1218 2130 4,
1252 2088 1325 2116 22.
1362 2067 1426 2114 ad

814 2139 1044 2196 fastigium
1069 2148 1206 2191 quem
1230 2146 1278 2178 11
1301 2162 1313 2179 ‚
1350 2144 1426 2174 10.

816 2196 1081 2255 permiffi-2
1098 2228 1113 2251 ,
1142 2206 1212 2247 59.

756 2257 1014 2304 Permixtas
1056 2247 1258 2298 consiliis
1296 2246 1424 2299 cujus

820 2330 840 2374 3
863 2348 876 2365 ‚
900 2318 972 2373 38.
992 2309 1203 2370 permixti
1221 2303 1422 2363 negotiis

816 2373 991 2430 reipub.
1022 2387 1077 2426 4,
1104 2385 1178 2422 40·

756 2433 1029 2481 Permovere
1050 2426 1275 2474 invidiam
1293 2455 1308 2478 ,
1333 2418 1422 2465 mi-

815 2488 1106 2538 sericordiam
1131 2502 1148 2530 1
1171 2518 1184 2537 ,
1217 2497 1288 2526 21.
1320 2492 1421 2533 per-

816 2563 969 2597 motus
993 2546 1053 2593 ad
1079 2539 1423 2591 miserationem

816 2608 1038 2656 exercitus
1064 2621 1081 2651 1
1103 2606 1215 2707 ,8693
1233 2599 1282 2643 in
1303 2611 1421 2655 gau-

1191 2675 1239 2707 iv
