1642 3125
297 172 377 231 90
467 152 542 212 C.
593 151 1049 210 CORNELH
1105 153 1406 215 TAcxrr

719 278 1148 373 Honestasit.

381 414 685 475 Consuluit
704 416 850 476 inter
870 418 1141 500 primores
1158 416 1394 476 civitatis
1407 417 1584 494 Nem,

299 498 517 559 bellum
541 523 772 583 ancep8‚
796 524 866 559 an
889 524 990 582 pax
1014 501 1300 560 inhonesta
1321 501 1584 584 placeret.

299 584 420 644 Nec
444 584 769 644 dubitatum
796 585 866 644 de
895 584 1064 644 bello.
1092 585 1298 643 Annal.
1318 586 1457 657 XV,
1487 609 1516 643 2.
1531 609 1583 668 5.

410 708 658 803 Miseni¹
677 735 839 804 pace
859 710 1084 805 potius
1116 708 1202 801 est
1232 707 1485 780 bellum.

387 830 663 893 Miseram
688 855 884 915 pacem
906 831 994 893 vel
1016 830 1168 892 bello
1191 831 1334 892 bene
1360 831 1583 894 mutari.

302 916 509 980 Annal.
537 918 648 987 Ul,
687 939 782 990 44.

392 997 667 1059 Miseram
712 996 1038 1059 servitutem
1081 994 1220 1057 falso
1250 1019 1447 1081 pacem
1485 1019 1586 1061 νο-

304 1088 431 1143 εανὶ.
475 1082 612 1141 Hist.
639 1083 746 1154 IV,
785 1104 872 1157 17.

384 1169 615 1239 Intuta,
665 1164 1093 1247 quaeindecora.
1145 1164 1369 1237 Hist.1,
1414 1187 1507 1244 33.

467 1292 581 1361 Ex
625 1290 828 1360 nimici
856 1316 1018 1385 pace
1046 1289 1422 1385 periculum.

386 1414 660 1475 Cherusci
700 1416 940 1474 nimiam
984 1438 1046 1473 ac
1093 1436 1442 1475 marcentem
1486 1413 1586 1475 diu

308 1519 513 1582 pacem
531 1498 798 1559 illaceffiti
824 1497 1170 1557 nutrierunt:
1196 1498 1368 1577 idque
1387 1505 1588 1576 jucun-

306 1581 430 1641 dius
457 1628 473 1654 ‚
507 1584 679 1666 quam
706 1582 874 1642 tutius
899 1580 1041 1640 fuit:
1071 1582 1202 1661 quia
1223 1581 1370 1641 inter
1392 1581 1584 1662 impo-

307 1684 488 1727 tentes
514 1677 570 1729 &
593 1665 804 1727 validos
827 1663 968 1724 falso
990 1663 1263 1745 quiescas:
1290 1663 1386 1723 ubi
1409 1686 1583 1722 manu

313 1750 496 1831 agitur
534 1798 551 1823 ,
615 1749 886 1809 modestia
936 1770 997 1806 ac
1052 1747 1298 1830 probitas
1353 1746 1589 1808 nomina

309 1830 603 1915 superioris
661 1831 801 1893 sunt.
878 1832 973 1891 De
1031 1831 1249 1891 Morib.
1311 1834 1585 1891 German.

311 1916 598 1977 XXXVI.

433 2039 550 2108 Ex
578 2036 829 2133 proeliis
853 2063 1000 2134 pax
1041 2038 1099 2105 6>
1123 2037 1460 2130 securitas,

380 2161 783 2243 Langobardos
816 2161 1057 2243 paucitas
1094 2160 1356 2221 nobilitat
1378 2208 1395 2234 ‚
1430 2160 1589 2241 quod

313 2244 570 2329 plurimis
589 2270 647 2304 ac
665 2243 1043 2304 valentiffimis
1060 2244 1378 2304 nationibus
1395 2246 1587 2318 cineri,

313 2352 429 2388 non
464 2352 559 2412 per
583 2327 917 2410 obsequium
948 2376 964 2401 ‚
1007 2327 1102 2388 sed
1124 2328 1329 2409 proeliis
1355 2336 1410 2388 &
1438 2329 1583 2411 peri-

314 2411 563 2473 clitando
602 2414 709 2474 tuti
748 2412 891 2474 sunt.
945 2413 1040 2474 De
1065 2412 1281 2473 Morib.
1312 2415 1591 2475 German.
