1660 3071
419 87 463 147 Ρ
506 111 544 150 o
592 114 624 154 1.
669 113 689 152 1
734 116 773 157 τ
816 120 837 158 1
880 124 915 164 c
955 122 1012 172 Α.
1268 123 1361 198 69⁴

138 318 301 396 XV.
380 331 712 409 Tamum
752 396 773 430 ‚
827 347 1297 432 Vrcronrm.

326 460 391 530 T
377 467 722 542 tibatonem
776 487 1113 573 necffcczs.

158 579 359 665 Neque
403 594 562 672 quies
607 600 863 678 gentium
902 653 919 678 ,
974 608 1084 672 fine
1130 621 1346 702 armi93

75 682 262 745 neque
303 692 455 733 arma
479 724 496 749 ‚
545 677 655 739 fine
682 685 963 766 stipendiis
991 716 1007 769 3
1050 719 1231 779 neque
1256 707 1349 765 sti-

76 749 282 827 pendia
312 752 423 819 sine
455 761 674 824 tributis
708 768 902 834 haberi
929 797 1160 857 queunt.
1204 790 1342 849 Hist.

80 830 188 904 IV,
228 860 322 910 74·
731 873 735 877 ·

154 916 539 986 Centefimam
559 950 745 994 rerum
762 939 1044 1002 venalium
1063 951 1181 1028 post
1198 950 1343 1016 bella

69 991 258 1058 civilia
316 1004 622 1072 institutam
692 1019 1026 1103 deprecante
1090 1037 1297 1116 populo
1322 1086 1340 1111 ‚

72 1078 248 1141 edixit
279 1086 540 1151 Tiberius
574 1099 814 1163 militare
844 1112 1097 1172 aerarium
1125 1140 1192 1176 eo
1218 1119 1342 1181 sub-

68 1158 209 1222 fidio
242 1168 364 1228 niti.
411 1174 618 1237 Annal.
660 1185 728 1256 1,
771 1193 867 1262 78.

279 1292 377 1362 Iis
407 1304 745 1392 provideat
782 1309 1109 1411 Princeps·

159 1413 248 1474 Ne
299 1424 594 1502 provinciae
641 1434 799 1493 novis
839 1441 1104 1503 oneribus
1150 1445 1343 1508 turba-

68 1511 290 1573 rentur,
317 1525 488 1586 utque
508 1533 694 1575 vetera
716 1516 827 1579 fine
852 1526 1074 1584 avaritia
1101 1550 1195 1589 aut
1215 1553 1341 1591 cru-

65 1576 296 1644 delitate
342 1594 760 1673 magistratuum
809 1606 1111 1670 tolerarent
1140 1661 1156 1685 ,
1207 1637 1340 1697 pro-

64 1661 291 1726 videbat
346 1675 637 1737 Tiberius.-
681 1686 1002 1769 Corporum
1057 1697 1287 1756 verbera
1314 1747 1333 1772 ,

62 1743 451 1830 ademptiones
510 1760 789 1826 bonorum
834 1772 1082 1835 aberant.
1125 1779 1333 1844 Annal.

64 1826 165 1900 w,
206 1840 259 1890 6.

75 1949 141 2019 T
126 1961 504 2049 emperandae
538 1966 1025 2058 publicanorum
1078 1986 1325 2079 cupidi-

175 2074 288 2119 nes
313 2106 339 2132 ,
387 2078 515 2125 non
546 2061 817 2136 tollenda
850 2077 1199 2172 vedigalicz.

143 2169 370 2231 Crebris
413 2181 603 2262 populi
644 2185 1077 2268 flagitationibus
1120 2201 1329 2261 immo-

58 2246 288 2312 'destiam
329 2260 754 2338 publicanorum
794 2281 1074 2357 arguentis
1098 2330 1113 2354 ‚
1155 2283 1329 2345 dubi-

62 2334 197 2392 tavit
231 2339 421 2415 Nero,
464 2370 531 2406 an
568 2357 764 2412 cuneta
807 2362 1093 2442 vestigalia
1133 2370 1325 2429 omitti

57 2414 272 2500 juberet
305 2469 321 2494 ,
387 2428 558 2509 idque
613 2435 1051 2515 pulcherrimum
1106 2448 1323 2510 donum

56 2503 248 2588 generi
285 2513 610 2576 mortalium
653 2518 827 2583 daret.
887 2525 1001 2588 Sed
1039 2531 1322 2615 impetum
