1660 3071
413 78 1012 135 P0L1rrcA.
1272 95 1347 145 77

184 218 341 286 Tum
368 242 614 312 pronus
657 215 741 307 est
783 216 867 283 ad
900 196 1257 308 discordiasss

159 343 452 414 Quantum
479 339 651 396 hebes
685 338 753 395 ad
784 336 1163 396 sustinendum
1190 335 1347 397 labo-

75 443 196 481 tem
217 422 377 479 miles
393 470 409 492 ‚
433 424 590 479 tanto
611 421 682 478 ad
702 418 998 479 discordias
1014 422 1345 504 promptior.

72 504 211 564 Hist.
237 507 330 576 11,
373 530 467 580 99.

287 628 382 696 Et
421 625 585 716 hoste
624 623 749 720 ff
801 624 1137 720 dzfficilior.

156 749 471 812 Corbuloni
514 749 633 831 plus
678 749 841 809 molis
882 749 1140 808 adversus
1185 749 1343 829 igna-

72 835 223 895 viam
263 834 509 892 militum
541 879 558 903 ‚
604 833 775 908 quarn
818 854 1010 899 contra
1047 832 1341 915 perfidiam

66 919 311 979 hostiurn
350 939 482 977 erat.
527 909 734 975 Annal.
759 917 894 976 XIII
920 965 937 990 ,
981 939 1072 996 35.

188 1043 401 1113 Ducis
451 1040 735 1135 exemplo
786 1044 845 1110 ἃ
880 1042 1218 1136 severitate

513 1135 892 1206 emendatur.

170 1248 394 1305 Corbulo
433 1290 458 1317 ,
518 1246 747 1305 dimiffis
811 1246 1013 1327 quibus
1062 1242 1289 1304 'senecsta
1317 1292 1337 1317 2

68 1349 160 1391 aut
200 1328 463 1389 valetudo
505 1329 730 1390 adversa
772 1351 887 1389 erat
916 1378 932 1402 ‚
984 1328 1342 1411 supplemen-

66 1434 187 1473 tum
228 1414 441 1492 petivit.
482 1417 565 1471 'Et
606 1413 782 1471 habiti
824 1436 919 1494 per
954 1413 1235 1470 Galatiam
1274 1435 1338 1471 ac

65 1494 485 1577 Cappadociam
531 1495 796 1555 deleffirus.
871 1495 1221 1576 Adjestaque
1269 1518 1336 1554 ex

65 1578 371 1636 Germania
406 1579 555 1661 legio
596 1603 725 1638 cum
761 1579 1041 1660 equitibus
1075 1577 1253 1637 alariis
1277 1585 1337 1638 &

64 1659 318 1741 peditatu
354 1664 670 1721 cohortium
699 1688 711 1720 ι
756 1662 1113 1743 retentusque
1148 1660 1336 1719 omnis

63 1743 333 1801 exercitus
375 1742 473 1802 sub
520 1744 755 1825 pellibus
785 1792 801 1816 ‚
847 1745 1100 1824 quamvis
1139 1743 1331 1803 hieme

59 1823 195 1884 saeva‘i
214 1824 356 1884 adeo
383 1847 443 1884 ut
465 1827 709 1885 obdusta
735 1825 912 1907 glacie
933 1873 944 1892 ‚
981 1825 1080 1884 nifi
1108 1823 1295 1883 effossa
1313 1872 1332 1898 ,

60 1907 265 1967 humus
319 1909 571 1968 tentoriis
632 1907 822 1966 locum
877 1932 992 1966 non
1048 1908 1332 1991 praeberet.

60 1990 322 2053 Ambusti
358 1992 668 2051 multorum
707 2012 852 2050 artus
883 1992 937 2051 vi
973 1990 1193 2072 frigoris
1216 2040 1233 2063 ‚
1279 2000 1338 2052 &

63 2073 298 2150 quidam
342 2076 490 2135 inter
539 2075 792 2135 excubias
847 2075 1145 2134 exanimari
1192 2073 1335 2134 sunt.

63 2157 490 2239 Annotatusque
512 2158 691 2230 mileS‚
711 2159 806 2238 qui
826 2157 1032 2217 fascem
1049 2158 1337 2240 lignorum

63 2241 302 2321 gestabat
324 2288 341 2313 ‚
381 2243 457 2300 ira
492 2240 821 2324 praeriguiffe
853 2265 1050 2300 manus
1090 2262 1151 2300 ur
1174 2242 1333 2300 oneri

60 2323 398 2384 adhaerentes
423 2372 438 2396 ‚
480 2325 685 2384 truncis
717 2324 952 2383 brachiis
986 2324 1330 2384 deciderent.

62 2406 179 2485 Ipse
200 2407 350 2465 cultu
369 2407 507 2481 levi,
529 2409 706 2490 capite
728 2408 938 2467 intecsto
957 2455 973 2479 ,
994 2409 1053 2466 in
1073 2408 1298 2489 agmine
1315 2452 1332 2478 ,

60 2488 121 2544 in
167 2486 446 2550 laboribus
471 2537 488 2564 ‚
533 2489 796 2573 frequens
840 2488 1020 2551 adeffe
1049 2515 1065 2546 ι
1104 2488 1332 2548 laudem

991 2574 1053 2633 D
1083 2573 1144 2652 iij
