1660 3071
388 108 991 192 Por1rrcA'.
1235 148 1352 209 ‘121

59 194 432 292 laudibusque
452 219 722 283 extollere
747 270 765 296 ‚
809 248 872 288 ut
916 235 991 291 est
1024 236 1222 321 vulgus
1255 270 1358 307 cu-

59 286 218 367 piens
255 296 610 378 voluptatum
636 328 652 381 3
699 314 759 366 &
785 308 1058 378 &eodem
1088 325 1351 414 Princeps

116 371 275 445 aibat,
304 375 509 442 laetum.
545 388 824 449 Ceterum
852 400 1143 485 evulgatus
1164 414 1350 492 pudor

52 466 93 510 n
130 475 171 511 n
193 454 505 524 satietatem
526 511 545 539 ,
588 490 650 528 ut
675 472 942 538 rebantur
964 531 980 555 ‚
1018 489 1114 548 sed
1139 492 1344 557 incita—

48 557 312 599 mentum
343 546 545 608 attulit.
592 554 882 639 Ratusque
908 564 1152 632 dedecus
1177 602 1341 643 amo-
1375 601 1378 603 “

47 615 176 692 liri,
215 621 255 680 fi
285 625 471 707 plures
509 630 766 699 foedaffet
789 688 806 714 ‚
851 647 1133 713 nobilium
1162 659 1335 723 fami-

46 699 247 764 liarum
275 714 520 791 posteros
545 764 563 789 ,
608 725 846 804 egestate
874 735 1096 797 venales
1124 741 1182 800 in
1212 745 1331 808 sce—

43 806 176 845 nam
213 790 446 857 deduxit
477 824 489 857 :
529 824 670 881 quos
694 805 813 868 fato
836 816 1158 893 perfunctos
1189 876 1205 900 ‚
1252 855 1327 894 ne

42 873 386 939 nominatim
438 885 658 946 tradam
697 938 713 962 ‚
765 902 1072 979 majoribus
1122 933 1325 977 eorum

41 955 407 1023 tribuendum
436 989 591 1049 puto,
639 975 790 1034 Nam
817 989 875 1040 &
898 994 1012 1066 ejus
1038 993 1321 1076 flagitium

32 1038 142 1112 est,
163 1045 260 1124 qui
278 1051 577 1129 pecuniam
597 1056 673 1115 ob
692 1058 894 1125 delicta
915 1074 1098 1151 potius
1122 1079 1326 1159 dedit,⁴

31 1122 206 1201 qudm
254 1152 329 1188 ne
371 1133 783 1217 delinquerent.
859 1152 1042 1216 Notos
1082 1171 1314 1246 quoque

29 1208 246 1284 equites
262 1214 554 1280 Romanos
570 1244 764 1304 operas
782 1251 958 1295 arenae
972 1248 1313 1322 promittere

26 1284 244 1374 subegit
274 1343 293 1368 ,
358 1298 520 1361 donis
566 1305 891 1389 ingentibus
929 1345 945 1378 t
1002 1326 1103 1384 nifi
1151 1336 1307 1412 quod

25 1392 238 1436 merces
266 1379 335 1439 ab
363 1404 432 1443 eo
455 1387 554 1468 qui
579 1392 775 1470 jubere
796 1406 975 1479 potest
994 1454 1011 1479 ,
1053 1412 1172 1474 vim
1196 1441 1304 1480 ne<-

21 1458 272 1523 ceffitatis
296 1464 473 1529 affert.
520 1471 728 1538 Annal.
755 1482 922 1560 XIV,
960 1513 1048 1567 14.

20 1580 195 1654 Mox
240 1590 503 1683 lascivia?
551 1599 780 1674 Urbem
815 1617 1136 1705 perditum
1193 1630 1304 1704 iia·

103 1708 343 1770 Instituit
379 1714 542 1779 ludos
573 1725 935 1797 Iuvenalium
974 1748 1248 1812 vocabulo
1273 1805 1292 1829 ,

12 1785 72 1845 in
102 1811 242 1868 quos
274 1798 464 1874 paffim
498 1809 734 1868 nomina
773 1814 937 1878 data:
976 1846 1091 1886 non
1121 1836 1297 1895 nobi-

11 1868 135 1930 litas
166 1876 427 1956 cuiquam
450 1932 468 1956 ‚
502 1909 618 1946 non
642 1914 766 1952 aetas
792 1921 886 1958 aut
910 1909 1015 1964 affl
1043 1911 1290 1980 honores

9 1951 423 2038 impedimento
461 1974 767 2050 quominus
807 1985 984 2047 Graeci
1022 1993 1288 2066 Latinive

9 2036 283 2104 histrionis
331 2070 510 2110 artem
562 2080 885 2128 exercerent
1246 2121 1253 2130 ·

9 2123 182 2201 gestus
218 2132 530 2216 modosque
567 2141 717 2205 haud
749 2150 952 2216 viriles.
1021 2164 1179 2237 Quin
1221 2182 1283 2234 δε

9 2201 225 2269 feminae
253 2213 500 2279 inlustres
532 2223 813 2292 deformia
848 2240 1112 2306 meditari
1138 2275 1151 2307 ε
1192 2278 1282 2316 ex-

10 2287 305 2376 strucstaque
359 2304 507 2385 apud
557 2331 757 2373 nemus
802 2365 818 2390 ,
883 2328 1037 2404 quod
1089 2341 1278 2401 navali

10 2371 190 2453 stagno
232 2381 627 2470 circumposuit
658 2396 936 2482 Augustus
963 2457 980 2482 ,
1025 2437 1275 2483 conven-

10 2453 167 2516 ticula
193 2505 209 2529 ‚
251 2471 309 2521 <Sc
338 2491 597 2551 cauponae
617 2526 635 2552 ,
678 2489 737 2542 &
755 2487 928 2565 pofita
954 2518 1100 2557 veno
1131 2505 1271 2565 inri-

165 2546 316 2605 Tom.
346 2555 479 2613 VII.
1047 2585 1087 2643 F
