1660 3071
422 91 1042 149 Poma-xer·
1286 91 1374 168 45⁵

103 190 267 252 nibus
296 193 550 249 coactum
571 187 746 245 modo
769 186 982 269 erigere
1006 210 1066 245 os
1091 192 1148 246 &
1168 185 1370 248 offerre

103 272 459 334 contumeliis
485 319 501 342 ‚
539 293 687 328 nunc
712 270 972 329 cadentes
996 272 1192 331 statuas
1217 269 1334 329 suas
1353 318 1371 344 ‚

104 358 434 440 plerumque
462 355 626 411 rostra
647 401 663 425 ‚
694 363 750 412 δέ
775 354 965 411 Galbae
990 353 1151 412 occisi
1180 353 1372 412 locum

105 438 357 498 contueri
381 460 398 513 3
436 437 714 518 postremo
758 435 828 492 ad
875 439 1182 495 Gemonias
1211 484 1228 509 ‚
1277 437 1377 497 ubi
1451 469 1453 473 ·

104 543 301 602 corpus
331 519 500 577 Flavii
528 518 717 577 Sabini
743 525 986 597 jacuerat
1006 565 1023 590 ‚
1065 520 1376 602 propulere.

103 605 238 665 Vox
278 626 386 661 una
426 626 539 660 non
571 602 863 682 degeneris
899 603 1076 659 animi
1109 626 1336 684 excepta
1360 651 1379 677 ,

106 686 239 746 cum
270 686 496 745 tribuno
527 683 813 755 insultanti
840 732 855 756 ‚
894 683 948 742 se
979 707 1169 745 tamen
1194 689 1382 768 Impe-

107 791 351 830 ratorem
378 777 492 850 ejus
523 766 680 828 fuisse
709 767 1009 850 respondit.
1034 769 1142 828 >Ac
1170 769 1378 828 deinde

106 854 329 937 ingestis
353 852 674 912 vulneribus
700 901 715 924 ,
762 852 1026 911 concidit.
1079 855 1147 910 Et
1182 852 1379 934 vulgus

83 993 88 999 .
108 937 311 998 eadem
331 937 597 1018 pravitate
615 934 982 994 insectabatur
999 934 1383 1007 interfectum,

107 1020 220 1102 qua
244 1019 457 1078 foverat
486 1019 787 1078 viventem.
825 1022 984 1077 Pater
1009 1019 1092 1077 illi
1114 1023 1180 1078 L.
1202 1019 1386 1080 Vitel-

110 1104 215 1163 lius
236 1128 249 1161 :
275 1099 573 1185 septimum
593 1111 649 1161 &
666 1101 1194 1183 quinquagesimum
1216 1104 1386 1163 fetatis

111 1210 325 1246 annum
348 1184 630 1268 explebat:
657 1182 1004 1242 consulatum
1021 1232 1038 1257 ,
1062 1184 1387 1259 sacerdotia,

114 1293 327 1330 nomen
363 1269 664 1349 locumque
701 1269 847 1326 inter
882 1270 1154 1351 primores
1177 1318 1194 1342 ,
1234 1269 1391 1330 ΠΠΠΞ.

113 1352 208 1413 sua
236 1351 500 1411 industria
523 1399 540 1425 ,
582 1352 680 1410 sed
717 1356 913 1411 cuncta
953 1354 1120 1435 patris
1161 1353 1389 1413 claritu-

116 1437 249 1496 dine
279 1436 526 1519 adeptuS.
591 1435 971 1517 principatum
1010 1437 1061 1496 ei
1095 1436 1347 1498 detulere
1370 1485 1389 1511 ‚

115 1522 214 1602 qui
233 1519 412 1603 ipsum
434 1543 550 1578 non
575 1519 1070 1579 noverant.Studia
1090 1520 1388 1594 exercitu3‚

120 1606 242 1662 raro
257 1605 517 1684 cuiquam
533 1603 695 1662 bonis
708 1604 914 1663 artibus
929 1602 1147 1684 quaesita
1160 1605 1393 1686 perinde

120 1684 350 1747 adfuere
367 1733 382 1756 ,
409 1688 581 1765 quam
607 1687 733 1745 huic
761 1710 857 1769 per
880 1687 1181 1768 ignaviam.
1207 1692 1394 1748 Inerat

122 1791 314 1828 tamen
343 1767 660 1848 simplicitas
685 1792 745 1826 ac
775 1770 1108 1828 liberalitas:
1148 1794 1299 1850 quae,
1330 1772 1393 1830 ni

122 1850 262 1911 adfit
285 1850 487 1908 modus
507 1898 523 1921 ‚
553 1850 611 1906 in
633 1851 866 1907 exitium
888 1873 1195 1910 vertuntur.
1228 1854 1400 1912 Ami-

125 1934 280 1994 citias
306 1933 445 1991 dum
475 1932 862 2015 magnitudine
889 1957 1192 1993 munerum
1217 1983 1233 2007 ,
1282 1959 1400 1997 non

124 2015 426 2077 constantia
443 2039 670 2075 morum
687 2017 974 2077 continere
993 2039 1146 2099 putat
1160 2067 1177 2091 ‚
1194 2022 1401 2080 meruit

127 2101 306 2183 magis
331 2148 347 2172 ‚
386 2101 558 2181 quam
600 2099 811 2160 habuit.
863 2101 1206 2184 Reipublicae
1246 2104 1400 2163 haud

131 2184 300 2243 dubie
347 2184 613 2243 intererat
637 2230 654 2254 ‚
699 2183 1005 2245 Vitellium
1054 2185 1202 2244 vinci
1241 2212 1254 2245 ε
1302 2186 1400 2246 sed.

130 2269 407 2349 imputate
434 2267 728 2349 perfidiam
753 2291 868 2326 non
890 2266 1108 2349 possunt
1132 2317 1147 2341 ‚
1171 2270 1268 2350 qui
1291 2272 1401 2330 Vi·-

133 2351 354 2417 tellium
397 2350 733 2431 Vespasiano
785 2350 1082 2432 prodidere
1119 2400 1136 2425 ‚
1197 2352 1325 2412 cum
1371 2377 1403 2415 a

135 2433 319 2496 Galba
350 2433 715 2498 descivissent.
752 2437 890 2496 Hist.
920 2439 998 2496 ΙΙΙ
1020 2483 1039 2510 ,
1080 2442 1108 2495 8
1124 2460 1145 2518 5
1180 2445 1236 2497 ὃς
1264 2443 1357 2496 862⁵²
