1660 3071
457 117 1051 178 PoL1T1cA.
1315 133 1400 196 '39

331 257 500 353 Ejus
551 283 750 326 mores
800 259 859 326 δ’
884 257 1175 350 fhrtuna.

212 383 326 440 Ser.
343 380 554 453 Galba,
573 382 823 462 quinque
844 383 1124 464 Principes
1143 379 1401 464 prospera

123 458 348 524 fortuna
375 463 629 524 emensus
651 512 667 537 ‚
708 465 891 523 alieno
918 466 1159 544 imperio
1182 463 1401 525 felicior
1454 470 1456 473 ’

112 545 229 625 fuit
249 592 273 618 ,
315 549 487 631 quam
519 546 633 608 suo.
688 548 868 609 Vetus
897 547 957 605 in
987 546 1203 605 familia
1233 549 1403 608 nobi-

120 630 246 691 litas
274 679 291 704 ,
333 656 548 714 magnae
580 654 749 713 opes:
798 629 895 714 ipsi
939 630 1198 690 medium
1238 633 1401 714 inge·

120 715 282 775 nium
304 763 320 788 ‚
358 717 537 798 magis
569 736 720 775 extra
754 716 888 775 vitia
919 715 1092 796 quarn
1125 738 1255 774 curn
1291 717 1405 773 vir-

121 799 351 859 tutibus.
392 802 568 859 Famae
598 822 703 859 nec
729 798 1034 858 incuriosus
1071 822 1176 858 nec
1207 800 1403 859 vendi-

121 902 285 943 tator.
338 885 589 944 Pecuniae
616 882 808 944 alienae
833 880 950 945 non
977 904 1241 966 appetens
1260 930 1276 955 ,
1300 882 1406 942 suae

119 980 315 1049 pat’cus
336 1015 352 1040 ‚
377 968 609 1051 publicae
637 990 846 1027 avarus.
873 967 1213 1027 Amicorum
1237 964 1408 1025 liber-

122 1071 427 1132 torumque
450 1100 467 1125 ,
508 1051 606 1111 ubi
634 1052 694 1109 in
721 1051 900 1111 bonos
927 1050 1208 1110 incidisset
1227 1098 1244 1123 ‚
1290 1048 1404 1111 fine

121 1155 183 1194 te
225 1134 552 1195 rehenfione
601 1137 814 1215 patiens
839 1158 852 1191 ε
899 1135 938 1194 fi
989 1134 1124 1193 mali
1175 1132 1364 1193 forent
1385 1180 1404 1206 ,

122 1159 295 1298 usgue
341 1218 412 1278 ad
453 1218 677 1301 culpam
719 1219 965 1301 ignarus.
1034 1218 1143 1277 Sed
1189 1217 1405 1277 claritas

121 1301 395 1361 natalium
418 1348 435 1374 ,
469 1312 527 1363 &
549 1323 733 1362 metus
757 1323 1082 1383 temporum
1108 1301 1406 1374 obtentui,

121 1407 183 1446 ut
204 1387 359 1467 quod
380 1386 616 1469 segnitia
634 1408 750 1446 erat
767 1435 783 1460 ,
809 1386 1077 1469 sapientia
1098 1407 1407 1445 vocaretur.

118 1471 286 1531 Dum
313 1472 540 1553 vigebat
567 1493 692 1531 aetas
717 1517 734 1546 ‚
777 1471 1011 1530 militari
1047 1470 1212 1530 laude
1257 1469 1406 1551 apud

121 1557 455 1615 Germanias
506 1556 710 1616 floruit.
787 1552 1090 1615 Proconsul
1144 1551 1405 1613 Africam

121 1639 414 1699 moderate
442 1665 454 1698 ε
494 1647 607 1720 jam
638 1638 822 1700 senior
852 1640 1173 1700 citeriorem
1200 1636 1403 1720 Hispa-

122 1723 280 1780 niam
301 1724 418 1804 pati
436 1721 635 1802 justitia
661 1724 971 1782 continuit:
992 1732 1171 1803 major
1186 1723 1405 1804 privato

119 1805 264 1867 visus
292 1850 309 1875 ‚
357 1804 497 1862 dum
542 1805 785 1883 privatus
829 1803 937 1863 fuit
972 1852 989 1875 ,
1042 1814 1100 1864 δε
1142 1804 1406 1863 omnium

122 1884 390 1947 consensu
423 1908 591 1968 capax
620 1884 846 1966 imperii
869 1932 887 1959 ‚
928 1884 1031 1945 nifi
1062 1885 1403 1971 imperasset.

124 1972 262 2034 Hist.
299 1972 367 2044 Ι,
408 1996 506 2047 49.

337 2096 582 2167 Noczcit
625 2094 824 2167 nimia
854 2093 1188 2191 severitas.

223 2223 458 2284 Constat
522 2219 758 2304 potuisse
828 2219 1114 2280 conciliari
1182 2215 1403 2281 animos

125 2307 642 2389 quantulacumque
680 2305 830 2389 parci
867 2302 1009 2364 senis
1049 2303 1404 2364 liberalitate.

125 2390 334 2453 Nocuit
356 2392 612 2474 antiquus
635 2391 784 2473 rigor
799 2437 816 2462 ,
833 2397 889 2449 &
911 2388 1092 2448 nimia
1110 2387 1401 2466 severitas;

126 2477 221 2539 cui
247 2484 359 2561 jam
386 2498 540 2560 pares
563 2498 681 2538 non
705 2472 909 2539 smnus-
954 2474 1092 2538 Hist.
1117 2475 1180 2547 Ι,
1225 2494 1247 2531 1
1265 2478 1318 2531 8.
