1660 3071
403 100 1010 156 POL1T1cA.
1270 118 1346 175 27

63 206 238 301 Quae
270 232 415 282 vera
443 236 517 277 cic
556 207 898 304 magnifica
922 205 1063 298 sint
1085 205 1346 278 Princi-

155 332 312 403 pum
328 305 544 371 decora
563 331 636 370 cic
659 324 1083 389 monumenta,
1103 329 1134 369 e
1179 305 1347 400 regie}

168 398 519 497 explicavit
554 396 837 464 Tiberius
860 436 881 482 ·,
920 399 1062 464 ciam
1136 401 1348 467 ivinos
1440 468 1442 471 ,

165 495 431 562 honores
463 491 541 559 ab
569 489 888 584 Hispanis?
912 491 1203 561 ulteriore
1214 492 1351 583 fibi

169 588 416 656 oblatos
450 587 770 680 recufizret.

159 702 278 783 Ego
304 720 400 757 me
420 745 436 769 ‚
480 716 659 780 patres
687 693 1014 777 conscripti,
1050 697 1357 761 mortalem

79 782 187 846 esse
215 831 231 856 ,
271 791 328 843 δε
352 783 654 840 hominum
678 778 864 839 officia
885 779 1084 863 fungi,
1119 780 1356 865 satisque

76 869 284 930 habere
301 915 317 938 ‚
344 864 381 924 s1
404 866 594 925 locum
619 865 934 949 principem
960 864 1265 947 impleam,
1297 876 1359 927 ὃς

78 976 176 1013 vos
206 952 371 1010 testor
395 998 411 1023 ,
459 958 518 1010 &
558 948 877 1010 meminiffe
915 951 1158 1033 posteros
1188 950 1321 1011 volo
1344 978 1361 1011 z

78 1037 178 1118 qui
197 1035 322 1094 satis
340 1033 610 1116 superque
627 1033 915 1093 memoriae
931 1057 1069 1093 meae
1087 1035 1362 1110 tribuent,

79 1140 141 1180 ut
165 1117 470 1199 majoribus
489 1118 627 1177 meis
650 1117 889 1199 dignum
904 1165 920 1189 ,
944 1140 1132 1177 rerum
1156 1122 1360 1179 vestra-

78 1226 206 1263 rum
229 1200 528 1285 providum
546 1249 563 1274 ‚
602 1202 950 1260 constantem
978 1202 1037 1259 in
1066 1202 1361 1282 periculiS,

78 1285 453 1347 offensionum
479 1307 580 1368 pro
602 1284 844 1344 utilitate
872 1285 1095 1365 public&
1124 1309 1240 1345 non
1268 1311 1364 1370 pa-

80 1371 278 1431 vidum
297 1369 543 1430 credant.
567 1372 696 1430 Haec
712 1369 855 1428 mihi
872 1370 931 1427 in
953 1370 1154 1429 animis
1174 1372 1361 1432 vestris

80 1453 294 1537 templa
313 1501 329 1527 ‚
360 1455 440 1514 hae
464 1453 852 1537 pulcherrimae
880 1451 1092 1537 effigies
1119 1463 1176 1516 &
1200 1479 1364 1515 man-

80 1537 239 1598 surae:
265 1561 399 1597 nam
415 1561 535 1619 quae
555 1536 679 1596 saxo
703 1540 1000 1611 struuntur,
1024 1537 1062 1596 fi
1078 1539 1364 1620 judicium

82 1623 428 1705 posterorum
453 1623 512 1680 in
536 1622 735 1682 odium
758 1623 926 1682 vertit
942 1670 958 1695 ,
984 1644 1083 1703 pro
1101 1621 1366 1706 sepulcris

82 1704 430 1786 spernuntur.
456 1705 698 1765 Proinde
714 1705 889 1765 socios
905 1754 921 1778 ‚
945 1707 1091 1767 cives
1109 1755 1126 1780 ,
1148 1717 1205 1768 &
1228 1708 1366 1768 deos

83 1785 228 1869 ipsos
249 1807 473 1866 precor:
499 1785 600 1843 hos
617 1833 632 1855 ‚
657 1807 718 1845 ut
744 1788 887 1845 mihi
908 1789 978 1845 ad
994 1789 1170 1847 finem
1192 1789 1368 1871 usque

86 1871 211 1929 vitae
239 1913 255 1939 ‚
294 1867 547 1948 quietam
577 1874 637 1925 &
670 1867 1092 1949 intelligentem
1130 1872 1369 1940 humani

89 1950 378 2031 divinique
403 1949 534 2030 juris
565 1970 821 2009 mentem
861 1950 1060 2028 duint3
1101 1952 1263 2027 illos,
1308 1978 1371 2016 ut

89 2033 319 2120 quando
358 2030 676 2093 conceffero
696 2080 712 2106 ‚
756 2056 886 2093 cum
920 2033 1085 2096 laude
1115 2046 1173 2099 &
1204 2039 1368 2101 bonis

89 2116 573 2180 recordationibus
598 2165 614 2189 ‚
655 2115 796 2176 facta
823 2138 990 2201 atque
1021 2120 1236 2181 famam
1262 2146 1370 2183 no·-

91 2203 262 2263 minis
293 2202 409 2262 mei
433 2199 850 2285 prosequantur.
902 2202 1110 2265 Annal.
1133 2208 1236 2279 IV,
1273 2215 1366 2283 38.

101 2326 509 2426 Principibus
553 2349 720 2397 certa
762 2331 820 2398 ὃ»
861 2328 1066 2400 brevis
1103 2332 1189 2426 est
1225 2332 1372 2404 rech

625 2423 858 2519 regula.

183 2533 515 2596 Utiliffimus
537 2535 693 2598 idem
709 2582 726 2608 ,
749 2559 810 2595 ac
833 2537 1176 2599 breviffimus
1200 2538 1374 2599 bona-

1044 2624 1089 2680 B
1130 2623 1169 2703 ij
